{
  "pair": "I-BTC_INR",
  "timestamp": "20250712_235445",
  "trades": [
    {
      "p": 10300000,
      "q": 0.000149,
      "s": "BTCINR",
      "T": 1752364466577.16,
      "m": false
    },
    {
      "p": 10296010,
      "q": 0.000336,
      "s": "BTCINR",
      "T": 1752364466577.06,
      "m": false
    },
    {
      "p": 10296010,
      "q": 4.8e-05,
      "s": "BTCINR",
      "T": 1752364447854.37,
      "m": false
    },
    {
      "p": 10296010,
      "q": 1.9e-05,
      "s": "BTCINR",
      "T": 1752364384000,
      "m": false
    },
    {
      "p": 10296010,
      "q": 4.8e-05,
      "s": "BTCINR",
      "T": 1752364375518.19,
      "m": false
    },
    {
      "p": 10228682.46,
      "q": 0.00021,
      "s": "BTCINR",
      "T": 1752364306419.49,
      "m": true
    },
    {
      "p": 10296009.99,
      "q": 9.6e-05,
      "s": "BTCINR",
      "T": 1752364287709.77,
      "m": false
    },
    {
      "p": 10230936.12,
      "q": 0.0005,
      "s": "BTCINR",
      "T": 1752364198491.54,
      "m": true
    },
    {
      "p": 10296010,
      "q": 1.9e-05,
      "s": "BTCINR",
      "T": 1752364197956.62,
      "m": false
    },
    {
      "p": 10294406.52,
      "q": 2.9e-05,
      "s": "BTCINR",
      "T": 1752364009578.94,
      "m": false
    },
    {
      "p": 10292847.92,
      "q": 1.9e-05,
      "s": "BTCINR",
      "T": 1752363969815.12,
      "m": false
    },
    {
      "p": 10292847.92,
      "q": 0.000193,
      "s": "BTCINR",
      "T": 1752363939533.6,
      "m": false
    },
    {
      "p": 10222724.29,
      "q": 1e-05,
      "s": "BTCINR",
      "T": 1752363915565.55,
      "m": true
    },
    {
      "p": 10284341.12,
      "q": 4.8e-05,
      "s": "BTCINR",
      "T": 1752363854015.85,
      "m": false
    },
    {
      "p": 10292104.39,
      "q": 1.9e-05,
      "s": "BTCINR",
      "T": 1752363720724.76,
      "m": false
    },
    {
      "p": 10221981.92,
      "q": 0.00028,
      "s": "BTCINR",
      "T": 1752363704648.9,
      "m": true
    },
    {
      "p": 10292104.39,
      "q": 9.6e-05,
      "s": "BTCINR",
      "T": 1752363627224.05,
      "m": false
    },
    {
      "p": 10232926.19,
      "q": 1e-05,
      "s": "BTCINR",
      "T": 1752363482995.92,
      "m": true
    },
    {
      "p": 10219137.48,
      "q": 1e-05,
      "s": "BTCINR",
      "T": 1752363421328.02,
      "m": true
    },
    {
      "p": 10296010,
      "q": 1e-05,
      "s": "BTCINR",
      "T": 1752363387535.04,
      "m": false
    },
    {
      "p": 10292580.85,
      "q": 9.6e-05,
      "s": "BTCINR",
      "T": 1752363322279.95,
      "m": false
    },
    {
      "p": 10295476.57,
      "q": 9e-06,
      "s": "BTCINR",
      "T": 1752363175357.13,
      "m": false
    },
    {
      "p": 10286541.43,
      "q": 9e-06,
      "s": "BTCINR",
      "T": 1752363133841.58,
      "m": false
    },
    {
      "p": 10218185.02,
      "q": 0.00029,
      "s": "BTCINR",
      "T": 1752363107014.21,
      "m": true
    },
    {
      "p": 10217515.01,
      "q": 1e-05,
      "s": "BTCINR",
      "T": 1752363025938.35,
      "m": true
    },
    {
      "p": 10295909.98,
      "q": 4.8e-05,
      "s": "BTCINR",
      "T": 1752362989934.67,
      "m": false
    },
    {
      "p": 10225708.69,
      "q": 3e-05,
      "s": "BTCINR",
      "T": 1752362957298.69,
      "m": true
    },
    {
      "p": 10291809.72,
      "q": 1.9e-05,
      "s": "BTCINR",
      "T": 1752362894267.27,
      "m": false
    },
    {
      "p": 10269777.84,
      "q": 4.8e-05,
      "s": "BTCINR",
      "T": 1752362846658.3,
      "m": false
    },
    {
      "p": 10218780.83,
      "q": 3e-05,
      "s": "BTCINR",
      "T": 1752362750711.38,
      "m": true
    },
    {
      "p": 10276067.24,
      "q": 4.8e-05,
      "s": "BTCINR",
      "T": 1752362664648.11,
      "m": false
    },
    {
      "p": 10296911.11,
      "q": 9.7e-05,
      "s": "BTCINR",
      "T": 1752362607036.44,
      "m": false
    },
    {
      "p": 10226051.96,
      "q": 3e-05,
      "s": "BTCINR",
      "T": 1752362470563.26,
      "m": true
    },
    {
      "p": 10296864.19,
      "q": 4.8e-05,
      "s": "BTCINR",
      "T": 1752362311106.61,
      "m": false
    },
    {
      "p": 10290256.6,
      "q": 5e-05,
      "s": "BTCINR",
      "T": 1752362236425.72,
      "m": false
    },
    {
      "p": 10299999.99,
      "q": 1.9e-05,
      "s": "BTCINR",
      "T": 1752362115299.18,
      "m": false
    },
    {
      "p": 10293274.13,
      "q": 9.6e-05,
      "s": "BTCINR",
      "T": 1752362094438.55,
      "m": false
    },
    {
      "p": 10218001.61,
      "q": 0.00078,
      "s": "BTCINR",
      "T": 1752362091129.87,
      "m": true
    },
    {
      "p": 10297345.73,
      "q": 2.6e-05,
      "s": "BTCINR",
      "T": 1752361978185.56,
      "m": false
    },
    {
      "p": 10222585.86,
      "q": 0.00032,
      "s": "BTCINR",
      "T": 1752361968370.01,
      "m": true
    },
    {
      "p": 10288416.26,
      "q": 1.9e-05,
      "s": "BTCINR",
      "T": 1752361888350.27,
      "m": false
    },
    {
      "p": 10235027.25,
      "q": 7e-05,
      "s": "BTCINR",
      "T": 1752361861256.59,
      "m": true
    },
    {
      "p": 10299899.98,
      "q": 0.00135,
      "s": "BTCINR",
      "T": 1752361838172.67,
      "m": false
    },
    {
      "p": 10288881.79,
      "q": 0.002622,
      "s": "BTCINR",
      "T": 1752361838169.55,
      "m": false
    },
    {
      "p": 10300000,
      "q": 0.000859,
      "s": "BTCINR",
      "T": 1752361838169.28,
      "m": false
    },
    {
      "p": 10217515.01,
      "q": 0.00107,
      "s": "BTCINR",
      "T": 1752361708016.66,
      "m": true
    },
    {
      "p": 10292403.44,
      "q": 1.9e-05,
      "s": "BTCINR",
      "T": 1752361498561.4,
      "m": false
    },
    {
      "p": 10299999.99,
      "q": 1.9e-05,
      "s": "BTCINR",
      "T": 1752361488333.28,
      "m": false
    },
    {
      "p": 10299999.99,
      "q": 1.2e-05,
      "s": "BTCINR",
      "T": 1752361479946.25,
      "m": false
    },
    {
      "p": 10298123.22,
      "q": 0.00193,
      "s": "BTCINR",
      "T": 1752361348496.99,
      "m": false
    }
  ]
}