{
  "pair": "I-BONK_INR",
  "timestamp": "20250712_235445",
  "trades": [
    {
      "p": 0.0022314,
      "q": 45079.322398,
      "s": "BONKINR",
      "T": 1752364425211.9,
      "m": false
    },
    {
      "p": 0.002208,
      "q": 2785780,
      "s": "BONKINR",
      "T": 1752364413045,
      "m": true
    },
    {
      "p": 0.0022341,
      "q": 87283.469853,
      "s": "BONKINR",
      "T": 1752364391542.35,
      "m": false
    },
    {
      "p": 0.0022024,
      "q": 147722,
      "s": "BONKINR",
      "T": 1752364359963.14,
      "m": true
    },
    {
      "p": 0.0022276,
      "q": 32266.629017,
      "s": "BONKINR",
      "T": 1752364344435.23,
      "m": false
    },
    {
      "p": 0.0022276,
      "q": 416647,
      "s": "BONKINR",
      "T": 1752364344433.37,
      "m": false
    },
    {
      "p": 0.0021986,
      "q": 550530,
      "s": "BONKINR",
      "T": 1752364323737.43,
      "m": true
    },
    {
      "p": 0.0021957,
      "q": 416647,
      "s": "BONKINR",
      "T": 1752364250734.7,
      "m": true
    },
    {
      "p": 0.002225,
      "q": 162247.191011,
      "s": "BONKINR",
      "T": 1752364237000,
      "m": false
    },
    {
      "p": 0.0022007,
      "q": 81093.238822,
      "s": "BONKINR",
      "T": 1752363938826.44,
      "m": false
    },
    {
      "p": 0.0021888,
      "q": 3654970.760233,
      "s": "BONKINR",
      "T": 1752363912068.38,
      "m": false
    },
    {
      "p": 0.002161,
      "q": 110326,
      "s": "BONKINR",
      "T": 1752363876608.08,
      "m": true
    },
    {
      "p": 0.0021852,
      "q": 2882819,
      "s": "BONKINR",
      "T": 1752363768450.52,
      "m": true
    },
    {
      "p": 0.002213,
      "q": 162675.101671,
      "s": "BONKINR",
      "T": 1752363734381.55,
      "m": false
    },
    {
      "p": 0.002213,
      "q": 201588.23,
      "s": "BONKINR",
      "T": 1752363721034.34,
      "m": false
    },
    {
      "p": 0.0022148,
      "q": 762202,
      "s": "BONKINR",
      "T": 1752363662972.28,
      "m": false
    },
    {
      "p": 0.0021865,
      "q": 74522,
      "s": "BONKINR",
      "T": 1752363637197.54,
      "m": true
    },
    {
      "p": 0.0022142,
      "q": 544538.047649,
      "s": "BONKINR",
      "T": 1752363443555.25,
      "m": false
    },
    {
      "p": 0.0022141,
      "q": 454107,
      "s": "BONKINR",
      "T": 1752363443555.02,
      "m": false
    },
    {
      "p": 0.002213,
      "q": 2000000,
      "s": "BONKINR",
      "T": 1752363326427.87,
      "m": false
    },
    {
      "p": 0.0022076,
      "q": 45837.108171,
      "s": "BONKINR",
      "T": 1752363188732.79,
      "m": false
    },
    {
      "p": 0.0021801,
      "q": 454107,
      "s": "BONKINR",
      "T": 1752363116699.84,
      "m": true
    },
    {
      "p": 0.0022058,
      "q": 486521.265929,
      "s": "BONKINR",
      "T": 1752362940251.11,
      "m": false
    },
    {
      "p": 0.0022089,
      "q": 2000104.901447,
      "s": "BONKINR",
      "T": 1752362940250.76,
      "m": false
    },
    {
      "p": 0.00218,
      "q": 137614,
      "s": "BONKINR",
      "T": 1752362915542.96,
      "m": true
    },
    {
      "p": 0.0021862,
      "q": 935690,
      "s": "BONKINR",
      "T": 1752362879408.71,
      "m": false
    },
    {
      "p": 0.0021862,
      "q": 1064310,
      "s": "BONKINR",
      "T": 1752362879406.5,
      "m": false
    },
    {
      "p": 0.0021863,
      "q": 63577.734071,
      "s": "BONKINR",
      "T": 1752362802684.43,
      "m": false
    },
    {
      "p": 0.0021849,
      "q": 6995977.397796,
      "s": "BONKINR",
      "T": 1752362792979.11,
      "m": false
    },
    {
      "p": 0.0021849,
      "q": 3380895.68564,
      "s": "BONKINR",
      "T": 1752362792976.26,
      "m": false
    },
    {
      "p": 0.0021901,
      "q": 49997.716999,
      "s": "BONKINR",
      "T": 1752362569026.51,
      "m": false
    },
    {
      "p": 0.0021905,
      "q": 46000,
      "s": "BONKINR",
      "T": 1752362502640.61,
      "m": false
    },
    {
      "p": 0.0021676,
      "q": 323413,
      "s": "BONKINR",
      "T": 1752362420198.61,
      "m": true
    },
    {
      "p": 0.0021905,
      "q": 4565167.769915,
      "s": "BONKINR",
      "T": 1752362408171.76,
      "m": false
    },
    {
      "p": 0.0021905,
      "q": 68477.516548,
      "s": "BONKINR",
      "T": 1752362359919.93,
      "m": false
    },
    {
      "p": 0.0021905,
      "q": 451038.575667,
      "s": "BONKINR",
      "T": 1752362336566.16,
      "m": false
    },
    {
      "p": 0.0021838,
      "q": 452422.383002,
      "s": "BONKINR",
      "T": 1752362033758.88,
      "m": false
    },
    {
      "p": 0.0021604,
      "q": 107339,
      "s": "BONKINR",
      "T": 1752361961039.22,
      "m": true
    },
    {
      "p": 0.0021849,
      "q": 135814,
      "s": "BONKINR",
      "T": 1752361559192.53,
      "m": false
    },
    {
      "p": 0.0021857,
      "q": 321872.850656,
      "s": "BONKINR",
      "T": 1752361559191.91,
      "m": false
    },
    {
      "p": 0.0021753,
      "q": 353404,
      "s": "BONKINR",
      "T": 1752361073027.18,
      "m": true
    },
    {
      "p": 0.0022003,
      "q": 49888.651547,
      "s": "BONKINR",
      "T": 1752360960331.1,
      "m": false
    },
    {
      "p": 0.0021725,
      "q": 50604,
      "s": "BONKINR",
      "T": 1752360744970.64,
      "m": true
    },
    {
      "p": 0.0021556,
      "q": 10068000,
      "s": "BONKINR",
      "T": 1752360615931.65,
      "m": true
    },
    {
      "p": 0.0021815,
      "q": 96263,
      "s": "BONKINR",
      "T": 1752360583000,
      "m": true
    },
    {
      "p": 0.0021844,
      "q": 1064093,
      "s": "BONKINR",
      "T": 1752360533782.16,
      "m": true
    },
    {
      "p": 0.0021955,
      "q": 50000,
      "s": "BONKINR",
      "T": 1752360533776.77,
      "m": true
    },
    {
      "p": 0.0022001,
      "q": 1114093,
      "s": "BONKINR",
      "T": 1752360532475.27,
      "m": true
    },
    {
      "p": 0.0022,
      "q": 454545,
      "s": "BONKINR",
      "T": 1752360532473.4,
      "m": true
    },
    {
      "p": 0.0022005,
      "q": 69564,
      "s": "BONKINR",
      "T": 1752360503750.12,
      "m": true
    }
  ]
}