{
  "pair": "I-ETH_INR",
  "timestamp": "20250712_235445",
  "trades": [
    {
      "p": 255038.05,
      "q": 0.0016,
      "s": "ETHINR",
      "T": 1752364053000,
      "m": true
    },
    {
      "p": 256290.91,
      "q": 0.000585,
      "s": "ETHINR",
      "T": 1752363993803.75,
      "m": false
    },
    {
      "p": 256290.91,
      "q": 0.002708,
      "s": "ETHINR",
      "T": 1752363768194.06,
      "m": false
    },
    {
      "p": 256290.91,
      "q": 0.0038,
      "s": "ETHINR",
      "T": 1752363395484.77,
      "m": false
    },
    {
      "p": 256290.91,
      "q": 0.000975,
      "s": "ETHINR",
      "T": 1752363022347.69,
      "m": false
    },
    {
      "p": 254602.95,
      "q": 0.1961,
      "s": "ETHINR",
      "T": 1752362814299.23,
      "m": true
    },
    {
      "p": 255163.04,
      "q": 0.0038,
      "s": "ETHINR",
      "T": 1752362672177.14,
      "m": true
    },
    {
      "p": 256290.91,
      "q": 0.001943,
      "s": "ETHINR",
      "T": 1752362173630.41,
      "m": false
    },
    {
      "p": 254237.48,
      "q": 0.0007,
      "s": "ETHINR",
      "T": 1752362048172.91,
      "m": true
    },
    {
      "p": 256290.91,
      "q": 0.00195,
      "s": "ETHINR",
      "T": 1752361846537.59,
      "m": false
    },
    {
      "p": 256290.91,
      "q": 0.00078,
      "s": "ETHINR",
      "T": 1752361673228.05,
      "m": false
    },
    {
      "p": 256290.91,
      "q": 0.007803,
      "s": "ETHINR",
      "T": 1752361636149.39,
      "m": false
    },
    {
      "p": 256290.91,
      "q": 0.000401,
      "s": "ETHINR",
      "T": 1752361295793.36,
      "m": false
    },
    {
      "p": 256290.91,
      "q": 0.000772,
      "s": "ETHINR",
      "T": 1752361170042.08,
      "m": false
    },
    {
      "p": 255092.82,
      "q": 0.0943,
      "s": "ETHINR",
      "T": 1752361105467.07,
      "m": true
    },
    {
      "p": 256290.91,
      "q": 0.0097,
      "s": "ETHINR",
      "T": 1752361092086.94,
      "m": false
    },
    {
      "p": 256290.91,
      "q": 0.003901,
      "s": "ETHINR",
      "T": 1752361010797.76,
      "m": false
    },
    {
      "p": 256290.91,
      "q": 0.000401,
      "s": "ETHINR",
      "T": 1752360964578.45,
      "m": false
    },
    {
      "p": 256290.91,
      "q": 0.007706,
      "s": "ETHINR",
      "T": 1752360884747.34,
      "m": false
    },
    {
      "p": 256290.91,
      "q": 0.000401,
      "s": "ETHINR",
      "T": 1752360794954.53,
      "m": false
    },
    {
      "p": 256290.91,
      "q": 0.000969,
      "s": "ETHINR",
      "T": 1752360373814.26,
      "m": false
    },
    {
      "p": 256290.91,
      "q": 0.001992,
      "s": "ETHINR",
      "T": 1752360353273.31,
      "m": false
    },
    {
      "p": 254805.82,
      "q": 0.0007,
      "s": "ETHINR",
      "T": 1752360070278.21,
      "m": true
    },
    {
      "p": 256290.91,
      "q": 0.00195,
      "s": "ETHINR",
      "T": 1752360053333.02,
      "m": false
    },
    {
      "p": 256290.91,
      "q": 0.000401,
      "s": "ETHINR",
      "T": 1752360040514.79,
      "m": false
    },
    {
      "p": 256290.91,
      "q": 0.001163,
      "s": "ETHINR",
      "T": 1752359976211.95,
      "m": false
    },
    {
      "p": 256290.91,
      "q": 0.0038,
      "s": "ETHINR",
      "T": 1752359875105.36,
      "m": false
    },
    {
      "p": 256290.91,
      "q": 0.00156,
      "s": "ETHINR",
      "T": 1752359840499.96,
      "m": false
    },
    {
      "p": 256290.91,
      "q": 0.003511,
      "s": "ETHINR",
      "T": 1752359797384.35,
      "m": false
    },
    {
      "p": 254907.68,
      "q": 0.0434,
      "s": "ETHINR",
      "T": 1752359768601.17,
      "m": true
    },
    {
      "p": 256290.91,
      "q": 0.0019,
      "s": "ETHINR",
      "T": 1752359661985.22,
      "m": false
    },
    {
      "p": 256290.91,
      "q": 0.050333,
      "s": "ETHINR",
      "T": 1752359545193.11,
      "m": false
    },
    {
      "p": 255591.41,
      "q": 0.0004,
      "s": "ETHINR",
      "T": 1752359347743.82,
      "m": true
    },
    {
      "p": 256290.91,
      "q": 0.011705,
      "s": "ETHINR",
      "T": 1752358911389.42,
      "m": false
    },
    {
      "p": 256290.91,
      "q": 0.0015,
      "s": "ETHINR",
      "T": 1752358808966.1,
      "m": false
    },
    {
      "p": 256290.92,
      "q": 0.018498,
      "s": "ETHINR",
      "T": 1752358808000,
      "m": false
    },
    {
      "p": 254397.34,
      "q": 0.0015,
      "s": "ETHINR",
      "T": 1752358794916.14,
      "m": true
    },
    {
      "p": 256268.69,
      "q": 0.003511,
      "s": "ETHINR",
      "T": 1752358793783.26,
      "m": false
    },
    {
      "p": 256142.56,
      "q": 0.001533,
      "s": "ETHINR",
      "T": 1752358772309.16,
      "m": false
    },
    {
      "p": 256142.55,
      "q": 0.0023,
      "s": "ETHINR",
      "T": 1752358772308.63,
      "m": false
    },
    {
      "p": 256113,
      "q": 0.00078,
      "s": "ETHINR",
      "T": 1752358735579.49,
      "m": false
    },
    {
      "p": 256328.61,
      "q": 0.005593,
      "s": "ETHINR",
      "T": 1752358699163.16,
      "m": false
    },
    {
      "p": 256328.6,
      "q": 0.019406,
      "s": "ETHINR",
      "T": 1752358699131.74,
      "m": false
    },
    {
      "p": 256552.8,
      "q": 0.001559,
      "s": "ETHINR",
      "T": 1752358615219.7,
      "m": false
    },
    {
      "p": 256813.91,
      "q": 0.000393,
      "s": "ETHINR",
      "T": 1752358506902.03,
      "m": false
    },
    {
      "p": 254646.38,
      "q": 0.0008,
      "s": "ETHINR",
      "T": 1752358263000,
      "m": true
    },
    {
      "p": 256959.4,
      "q": 0.000778,
      "s": "ETHINR",
      "T": 1752357949544.16,
      "m": false
    },
    {
      "p": 256552.23,
      "q": 0.001937,
      "s": "ETHINR",
      "T": 1752357892568.22,
      "m": false
    },
    {
      "p": 256541.04,
      "q": 0.000779,
      "s": "ETHINR",
      "T": 1752357838162.5,
      "m": false
    },
    {
      "p": 257416.42,
      "q": 0.002048,
      "s": "ETHINR",
      "T": 1752357681537.1,
      "m": false
    }
  ]
}