{
  "pair": "I-BTC_INR",
  "timestamp": "20250712_233859",
  "trades": [
    {
      "p": 10232926.19,
      "q": 1e-05,
      "s": "BTCINR",
      "T": 1752363482995.92,
      "m": true
    },
    {
      "p": 10219137.48,
      "q": 1e-05,
      "s": "BTCINR",
      "T": 1752363421328.02,
      "m": true
    },
    {
      "p": 10296010,
      "q": 1e-05,
      "s": "BTCINR",
      "T": 1752363387535.04,
      "m": false
    },
    {
      "p": 10292580.85,
      "q": 9.6e-05,
      "s": "BTCINR",
      "T": 1752363322279.95,
      "m": false
    },
    {
      "p": 10295476.57,
      "q": 9e-06,
      "s": "BTCINR",
      "T": 1752363175357.13,
      "m": false
    },
    {
      "p": 10286541.43,
      "q": 9e-06,
      "s": "BTCINR",
      "T": 1752363133841.58,
      "m": false
    },
    {
      "p": 10218185.02,
      "q": 0.00029,
      "s": "BTCINR",
      "T": 1752363107014.21,
      "m": true
    },
    {
      "p": 10217515.01,
      "q": 1e-05,
      "s": "BTCINR",
      "T": 1752363025938.35,
      "m": true
    },
    {
      "p": 10295909.98,
      "q": 4.8e-05,
      "s": "BTCINR",
      "T": 1752362989934.67,
      "m": false
    },
    {
      "p": 10225708.69,
      "q": 3e-05,
      "s": "BTCINR",
      "T": 1752362957298.69,
      "m": true
    },
    {
      "p": 10291809.72,
      "q": 1.9e-05,
      "s": "BTCINR",
      "T": 1752362894267.27,
      "m": false
    },
    {
      "p": 10269777.84,
      "q": 4.8e-05,
      "s": "BTCINR",
      "T": 1752362846658.3,
      "m": false
    },
    {
      "p": 10218780.83,
      "q": 3e-05,
      "s": "BTCINR",
      "T": 1752362750711.38,
      "m": true
    },
    {
      "p": 10276067.24,
      "q": 4.8e-05,
      "s": "BTCINR",
      "T": 1752362664648.11,
      "m": false
    },
    {
      "p": 10296911.11,
      "q": 9.7e-05,
      "s": "BTCINR",
      "T": 1752362607036.44,
      "m": false
    },
    {
      "p": 10226051.96,
      "q": 3e-05,
      "s": "BTCINR",
      "T": 1752362470563.26,
      "m": true
    },
    {
      "p": 10296864.19,
      "q": 4.8e-05,
      "s": "BTCINR",
      "T": 1752362311106.61,
      "m": false
    },
    {
      "p": 10290256.6,
      "q": 5e-05,
      "s": "BTCINR",
      "T": 1752362236425.72,
      "m": false
    },
    {
      "p": 10299999.99,
      "q": 1.9e-05,
      "s": "BTCINR",
      "T": 1752362115299.18,
      "m": false
    },
    {
      "p": 10293274.13,
      "q": 9.6e-05,
      "s": "BTCINR",
      "T": 1752362094438.55,
      "m": false
    },
    {
      "p": 10218001.61,
      "q": 0.00078,
      "s": "BTCINR",
      "T": 1752362091129.87,
      "m": true
    },
    {
      "p": 10297345.73,
      "q": 2.6e-05,
      "s": "BTCINR",
      "T": 1752361978185.56,
      "m": false
    },
    {
      "p": 10222585.86,
      "q": 0.00032,
      "s": "BTCINR",
      "T": 1752361968370.01,
      "m": true
    },
    {
      "p": 10288416.26,
      "q": 1.9e-05,
      "s": "BTCINR",
      "T": 1752361888350.27,
      "m": false
    },
    {
      "p": 10235027.25,
      "q": 7e-05,
      "s": "BTCINR",
      "T": 1752361861256.59,
      "m": true
    },
    {
      "p": 10299899.98,
      "q": 0.00135,
      "s": "BTCINR",
      "T": 1752361838172.67,
      "m": false
    },
    {
      "p": 10288881.79,
      "q": 0.002622,
      "s": "BTCINR",
      "T": 1752361838169.55,
      "m": false
    },
    {
      "p": 10300000,
      "q": 0.000859,
      "s": "BTCINR",
      "T": 1752361838169.28,
      "m": false
    },
    {
      "p": 10217515.01,
      "q": 0.00107,
      "s": "BTCINR",
      "T": 1752361708016.66,
      "m": true
    },
    {
      "p": 10292403.44,
      "q": 1.9e-05,
      "s": "BTCINR",
      "T": 1752361498561.4,
      "m": false
    },
    {
      "p": 10299999.99,
      "q": 1.9e-05,
      "s": "BTCINR",
      "T": 1752361488333.28,
      "m": false
    },
    {
      "p": 10299999.99,
      "q": 1.2e-05,
      "s": "BTCINR",
      "T": 1752361479946.25,
      "m": false
    },
    {
      "p": 10298123.22,
      "q": 0.00193,
      "s": "BTCINR",
      "T": 1752361348496.99,
      "m": false
    },
    {
      "p": 10222296.12,
      "q": 0.00028,
      "s": "BTCINR",
      "T": 1752361335020.42,
      "m": true
    },
    {
      "p": 10221200.14,
      "q": 1e-05,
      "s": "BTCINR",
      "T": 1752361230682.54,
      "m": true
    },
    {
      "p": 10217515,
      "q": 0.00144,
      "s": "BTCINR",
      "T": 1752361208077.2,
      "m": false
    },
    {
      "p": 10220500.05,
      "q": 0.005,
      "s": "BTCINR",
      "T": 1752361196189.4,
      "m": true
    },
    {
      "p": 10235152.09,
      "q": 0.00269,
      "s": "BTCINR",
      "T": 1752361196187.02,
      "m": true
    },
    {
      "p": 10220000,
      "q": 0.00019,
      "s": "BTCINR",
      "T": 1752361196186.21,
      "m": true
    },
    {
      "p": 10218015,
      "q": 9e-05,
      "s": "BTCINR",
      "T": 1752361196180.4,
      "m": true
    },
    {
      "p": 10220500.07,
      "q": 0.0016,
      "s": "BTCINR",
      "T": 1752361196179.47,
      "m": true
    },
    {
      "p": 10228828.5,
      "q": 7e-05,
      "s": "BTCINR",
      "T": 1752361131577.97,
      "m": true
    },
    {
      "p": 10300000,
      "q": 7.7e-05,
      "s": "BTCINR",
      "T": 1752361107457.74,
      "m": false
    },
    {
      "p": 10219015.1,
      "q": 1e-05,
      "s": "BTCINR",
      "T": 1752361069026.42,
      "m": true
    },
    {
      "p": 10234577.24,
      "q": 0.00079,
      "s": "BTCINR",
      "T": 1752361065830.64,
      "m": true
    },
    {
      "p": 10300000,
      "q": 9e-06,
      "s": "BTCINR",
      "T": 1752360983369.46,
      "m": false
    },
    {
      "p": 10312706.48,
      "q": 9e-06,
      "s": "BTCINR",
      "T": 1752360905189.8,
      "m": false
    },
    {
      "p": 10242555.24,
      "q": 4e-05,
      "s": "BTCINR",
      "T": 1752360835000,
      "m": true
    },
    {
      "p": 10319177.85,
      "q": 5e-05,
      "s": "BTCINR",
      "T": 1752360834000,
      "m": false
    },
    {
      "p": 10305876.44,
      "q": 0.00097,
      "s": "BTCINR",
      "T": 1752360831292.31,
      "m": false
    }
  ]
}