{
  "pair": "I-XRP_INR",
  "timestamp": "20250712_235137",
  "trades": [
    {
      "p": 242.21,
      "q": 0.820857,
      "s": "XRPINR",
      "T": 1752364152977.26,
      "m": false
    },
    {
      "p": 241.84,
      "q": 0.826993,
      "s": "XRPINR",
      "T": 1752363957887.15,
      "m": false
    },
    {
      "p": 241.84,
      "q": 10,
      "s": "XRPINR",
      "T": 1752363889836.62,
      "m": false
    },
    {
      "p": 242.1,
      "q": 20.652622,
      "s": "XRPINR",
      "T": 1752363853948.42,
      "m": false
    },
    {
      "p": 242.1,
      "q": 4.130524,
      "s": "XRPINR",
      "T": 1752363845208.68,
      "m": false
    },
    {
      "p": 242.1,
      "q": 4,
      "s": "XRPINR",
      "T": 1752363775800.72,
      "m": false
    },
    {
      "p": 240.03,
      "q": 1,
      "s": "XRPINR",
      "T": 1752363686880.04,
      "m": true
    },
    {
      "p": 242.09,
      "q": 57.142457,
      "s": "XRPINR",
      "T": 1752363675034.8,
      "m": false
    },
    {
      "p": 242.08,
      "q": 99,
      "s": "XRPINR",
      "T": 1752363675033.58,
      "m": false
    },
    {
      "p": 242.1,
      "q": 55.118283,
      "s": "XRPINR",
      "T": 1752363675033.28,
      "m": false
    },
    {
      "p": 242.52,
      "q": 0.819808,
      "s": "XRPINR",
      "T": 1752363498060.61,
      "m": false
    },
    {
      "p": 242.21,
      "q": 7.638,
      "s": "XRPINR",
      "T": 1752363341601.75,
      "m": false
    },
    {
      "p": 242.46,
      "q": 16.219543,
      "s": "XRPINR",
      "T": 1752363276700.91,
      "m": false
    },
    {
      "p": 242.45,
      "q": 92.802934,
      "s": "XRPINR",
      "T": 1752363276700.55,
      "m": false
    },
    {
      "p": 239.46,
      "q": 63,
      "s": "XRPINR",
      "T": 1752363196213.88,
      "m": true
    },
    {
      "p": 239.45,
      "q": 98,
      "s": "XRPINR",
      "T": 1752363196213.18,
      "m": true
    },
    {
      "p": 239.68,
      "q": 49,
      "s": "XRPINR",
      "T": 1752363196212.94,
      "m": true
    },
    {
      "p": 238.81,
      "q": 30,
      "s": "XRPINR",
      "T": 1752363196212.72,
      "m": true
    },
    {
      "p": 239.25,
      "q": 1,
      "s": "XRPINR",
      "T": 1752363196212.62,
      "m": true
    },
    {
      "p": 239,
      "q": 9,
      "s": "XRPINR",
      "T": 1752363196212.32,
      "m": true
    },
    {
      "p": 242.05,
      "q": 6.197066,
      "s": "XRPINR",
      "T": 1752363132763.2,
      "m": false
    },
    {
      "p": 239.29,
      "q": 32,
      "s": "XRPINR",
      "T": 1752363012693.76,
      "m": true
    },
    {
      "p": 239.25,
      "q": 48,
      "s": "XRPINR",
      "T": 1752362996864.3,
      "m": true
    },
    {
      "p": 240.38,
      "q": 26,
      "s": "XRPINR",
      "T": 1752362996862.88,
      "m": true
    },
    {
      "p": 240,
      "q": 48,
      "s": "XRPINR",
      "T": 1752362996862.61,
      "m": true
    },
    {
      "p": 240.6,
      "q": 41,
      "s": "XRPINR",
      "T": 1752362996862.18,
      "m": true
    },
    {
      "p": 240.07,
      "q": 62,
      "s": "XRPINR",
      "T": 1752362996862,
      "m": true
    },
    {
      "p": 240.58,
      "q": 25,
      "s": "XRPINR",
      "T": 1752362996861.93,
      "m": true
    },
    {
      "p": 242.44,
      "q": 0.820079,
      "s": "XRPINR",
      "T": 1752362953000,
      "m": false
    },
    {
      "p": 242.46,
      "q": 0.853872,
      "s": "XRPINR",
      "T": 1752362835925.63,
      "m": false
    },
    {
      "p": 240.59,
      "q": 10,
      "s": "XRPINR",
      "T": 1752362600633.18,
      "m": true
    },
    {
      "p": 242.53,
      "q": 0.819774,
      "s": "XRPINR",
      "T": 1752362268625.87,
      "m": false
    },
    {
      "p": 241.76,
      "q": 2.378391,
      "s": "XRPINR",
      "T": 1752361787638.01,
      "m": false
    },
    {
      "p": 242.27,
      "q": 0.835266,
      "s": "XRPINR",
      "T": 1752361678511.12,
      "m": false
    },
    {
      "p": 242.76,
      "q": 1.000988,
      "s": "XRPINR",
      "T": 1752361420233.94,
      "m": false
    },
    {
      "p": 242.76,
      "q": 1.023747,
      "s": "XRPINR",
      "T": 1752361387267.48,
      "m": false
    },
    {
      "p": 241.66,
      "q": 18.943185,
      "s": "XRPINR",
      "T": 1752361308006.11,
      "m": false
    },
    {
      "p": 241.8,
      "q": 1,
      "s": "XRPINR",
      "T": 1752361308003.19,
      "m": false
    },
    {
      "p": 241.8,
      "q": 1,
      "s": "XRPINR",
      "T": 1752361308002.51,
      "m": false
    },
    {
      "p": 241.8,
      "q": 1,
      "s": "XRPINR",
      "T": 1752361308001.74,
      "m": false
    },
    {
      "p": 242.76,
      "q": 11.161176,
      "s": "XRPINR",
      "T": 1752361308001.41,
      "m": false
    },
    {
      "p": 241.66,
      "q": 2.056815,
      "s": "XRPINR",
      "T": 1752361206253.61,
      "m": false
    },
    {
      "p": 241,
      "q": 12.686749,
      "s": "XRPINR",
      "T": 1752361138795.11,
      "m": false
    },
    {
      "p": 241.66,
      "q": 62.706104,
      "s": "XRPINR",
      "T": 1752361112950.37,
      "m": false
    },
    {
      "p": 240.5,
      "q": 72.548934,
      "s": "XRPINR",
      "T": 1752361112949.44,
      "m": false
    },
    {
      "p": 241.65,
      "q": 3,
      "s": "XRPINR",
      "T": 1752361112949.17,
      "m": false
    },
    {
      "p": 240.91,
      "q": 63,
      "s": "XRPINR",
      "T": 1752361112948.91,
      "m": false
    },
    {
      "p": 240.5,
      "q": 66.13555,
      "s": "XRPINR",
      "T": 1752361101627.24,
      "m": false
    },
    {
      "p": 240.5,
      "q": 10,
      "s": "XRPINR",
      "T": 1752361039501.37,
      "m": false
    },
    {
      "p": 240.49,
      "q": 23,
      "s": "XRPINR",
      "T": 1752360810251.82,
      "m": false
    }
  ]
}