{
  "pair": "I-BONK_INR",
  "timestamp": "20250712_233716",
  "trades": [
    {
      "p": 0.002213,
      "q": 2000000,
      "s": "BONKINR",
      "T": 1752363326427.87,
      "m": false
    },
    {
      "p": 0.0022076,
      "q": 45837.108171,
      "s": "BONKINR",
      "T": 1752363188732.79,
      "m": false
    },
    {
      "p": 0.0021801,
      "q": 454107,
      "s": "BONKINR",
      "T": 1752363116699.84,
      "m": true
    },
    {
      "p": 0.0022058,
      "q": 486521.265929,
      "s": "BONKINR",
      "T": 1752362940251.11,
      "m": false
    },
    {
      "p": 0.0022089,
      "q": 2000104.901447,
      "s": "BONKINR",
      "T": 1752362940250.76,
      "m": false
    },
    {
      "p": 0.00218,
      "q": 137614,
      "s": "BONKINR",
      "T": 1752362915542.96,
      "m": true
    },
    {
      "p": 0.0021862,
      "q": 935690,
      "s": "BONKINR",
      "T": 1752362879408.71,
      "m": false
    },
    {
      "p": 0.0021862,
      "q": 1064310,
      "s": "BONKINR",
      "T": 1752362879406.5,
      "m": false
    },
    {
      "p": 0.0021863,
      "q": 63577.734071,
      "s": "BONKINR",
      "T": 1752362802684.43,
      "m": false
    },
    {
      "p": 0.0021849,
      "q": 6995977.397796,
      "s": "BONKINR",
      "T": 1752362792979.11,
      "m": false
    },
    {
      "p": 0.0021849,
      "q": 3380895.68564,
      "s": "BONKINR",
      "T": 1752362792976.26,
      "m": false
    },
    {
      "p": 0.0021901,
      "q": 49997.716999,
      "s": "BONKINR",
      "T": 1752362569026.51,
      "m": false
    },
    {
      "p": 0.0021905,
      "q": 46000,
      "s": "BONKINR",
      "T": 1752362502640.61,
      "m": false
    },
    {
      "p": 0.0021676,
      "q": 323413,
      "s": "BONKINR",
      "T": 1752362420198.61,
      "m": true
    },
    {
      "p": 0.0021905,
      "q": 4565167.769915,
      "s": "BONKINR",
      "T": 1752362408171.76,
      "m": false
    },
    {
      "p": 0.0021905,
      "q": 68477.516548,
      "s": "BONKINR",
      "T": 1752362359919.93,
      "m": false
    },
    {
      "p": 0.0021905,
      "q": 451038.575667,
      "s": "BONKINR",
      "T": 1752362336566.16,
      "m": false
    },
    {
      "p": 0.0021838,
      "q": 452422.383002,
      "s": "BONKINR",
      "T": 1752362033758.88,
      "m": false
    },
    {
      "p": 0.0021604,
      "q": 107339,
      "s": "BONKINR",
      "T": 1752361961039.22,
      "m": true
    },
    {
      "p": 0.0021849,
      "q": 135814,
      "s": "BONKINR",
      "T": 1752361559192.53,
      "m": false
    },
    {
      "p": 0.0021857,
      "q": 321872.850656,
      "s": "BONKINR",
      "T": 1752361559191.91,
      "m": false
    },
    {
      "p": 0.0021753,
      "q": 353404,
      "s": "BONKINR",
      "T": 1752361073027.18,
      "m": true
    },
    {
      "p": 0.0022003,
      "q": 49888.651547,
      "s": "BONKINR",
      "T": 1752360960331.1,
      "m": false
    },
    {
      "p": 0.0021725,
      "q": 50604,
      "s": "BONKINR",
      "T": 1752360744970.64,
      "m": true
    },
    {
      "p": 0.0021556,
      "q": 10068000,
      "s": "BONKINR",
      "T": 1752360615931.65,
      "m": true
    },
    {
      "p": 0.0021815,
      "q": 96263,
      "s": "BONKINR",
      "T": 1752360583000,
      "m": true
    },
    {
      "p": 0.0021844,
      "q": 1064093,
      "s": "BONKINR",
      "T": 1752360533782.16,
      "m": true
    },
    {
      "p": 0.0021955,
      "q": 50000,
      "s": "BONKINR",
      "T": 1752360533776.77,
      "m": true
    },
    {
      "p": 0.0022001,
      "q": 1114093,
      "s": "BONKINR",
      "T": 1752360532475.27,
      "m": true
    },
    {
      "p": 0.0022,
      "q": 454545,
      "s": "BONKINR",
      "T": 1752360532473.4,
      "m": true
    },
    {
      "p": 0.0022005,
      "q": 69564,
      "s": "BONKINR",
      "T": 1752360503750.12,
      "m": true
    },
    {
      "p": 0.0022275,
      "q": 89786.756453,
      "s": "BONKINR",
      "T": 1752360451847.95,
      "m": false
    },
    {
      "p": 0.0022094,
      "q": 135814,
      "s": "BONKINR",
      "T": 1752360427445.87,
      "m": true
    },
    {
      "p": 0.0022184,
      "q": 1653124,
      "s": "BONKINR",
      "T": 1752360414691.15,
      "m": true
    },
    {
      "p": 0.0022089,
      "q": 1323022,
      "s": "BONKINR",
      "T": 1752360414686.73,
      "m": true
    },
    {
      "p": 0.0022183,
      "q": 5970111,
      "s": "BONKINR",
      "T": 1752360414681.08,
      "m": true
    },
    {
      "p": 0.0022217,
      "q": 56263,
      "s": "BONKINR",
      "T": 1752360414677.85,
      "m": true
    },
    {
      "p": 0.0022245,
      "q": 224769.611148,
      "s": "BONKINR",
      "T": 1752360408187.91,
      "m": false
    },
    {
      "p": 0.0022219,
      "q": 2185236,
      "s": "BONKINR",
      "T": 1752360348390.9,
      "m": true
    },
    {
      "p": 0.0022528,
      "q": 57262.073863,
      "s": "BONKINR",
      "T": 1752360348160.22,
      "m": false
    },
    {
      "p": 0.0022217,
      "q": 89273,
      "s": "BONKINR",
      "T": 1752360339719.39,
      "m": true
    },
    {
      "p": 0.0022242,
      "q": 503027,
      "s": "BONKINR",
      "T": 1752360220196.01,
      "m": true
    },
    {
      "p": 0.0022602,
      "q": 126537.474559,
      "s": "BONKINR",
      "T": 1752360019083.82,
      "m": false
    },
    {
      "p": 0.0022647,
      "q": 76156.83504,
      "s": "BONKINR",
      "T": 1752359747560.87,
      "m": false
    },
    {
      "p": 0.0022647,
      "q": 110297,
      "s": "BONKINR",
      "T": 1752359740427.77,
      "m": false
    },
    {
      "p": 0.0022569,
      "q": 2894019,
      "s": "BONKINR",
      "T": 1752359577775.15,
      "m": true
    },
    {
      "p": 0.0022571,
      "q": 3744753,
      "s": "BONKINR",
      "T": 1752359577762.33,
      "m": true
    },
    {
      "p": 0.0022443,
      "q": 65000,
      "s": "BONKINR",
      "T": 1752359210401.56,
      "m": true
    },
    {
      "p": 0.0022502,
      "q": 221904.692235,
      "s": "BONKINR",
      "T": 1752358995658.61,
      "m": false
    },
    {
      "p": 0.0022501,
      "q": 222520,
      "s": "BONKINR",
      "T": 1752358995658.52,
      "m": false
    }
  ]
}