{
  "pair": "I-KNC_INR",
  "timestamp": "20250712_234905",
  "trades": [
    {
      "p": 53.47,
      "q": 192.94,
      "s": "KNCINR",
      "T": 1752364005745.07,
      "m": true
    },
    {
      "p": 53.45,
      "q": 130.7,
      "s": "KNCINR",
      "T": 1752363892068.37,
      "m": false
    },
    {
      "p": 53.89,
      "q": 80.1,
      "s": "KNCINR",
      "T": 1752363855106.84,
      "m": true
    },
    {
      "p": 53.9,
      "q": 35.73,
      "s": "KNCINR",
      "T": 1752363855105.28,
      "m": true
    },
    {
      "p": 53.79,
      "q": 180.99,
      "s": "KNCINR",
      "T": 1752363855105.24,
      "m": true
    },
    {
      "p": 54.34,
      "q": 15,
      "s": "KNCINR",
      "T": 1752363776532.85,
      "m": false
    },
    {
      "p": 54.34,
      "q": 5.549135,
      "s": "KNCINR",
      "T": 1752363764886.41,
      "m": false
    },
    {
      "p": 54.34,
      "q": 1.858667,
      "s": "KNCINR",
      "T": 1752363755973.25,
      "m": false
    },
    {
      "p": 54.34,
      "q": 1.850018,
      "s": "KNCINR",
      "T": 1752363455820.17,
      "m": false
    },
    {
      "p": 54.34,
      "q": 9.201324,
      "s": "KNCINR",
      "T": 1752363419000,
      "m": false
    },
    {
      "p": 54.34,
      "q": 18.384247,
      "s": "KNCINR",
      "T": 1752363410021.96,
      "m": false
    },
    {
      "p": 54.34,
      "q": 1.932278,
      "s": "KNCINR",
      "T": 1752363409386.17,
      "m": false
    },
    {
      "p": 54.34,
      "q": 1.932278,
      "s": "KNCINR",
      "T": 1752363396729.23,
      "m": false
    },
    {
      "p": 53.9,
      "q": 8.72,
      "s": "KNCINR",
      "T": 1752363042065.8,
      "m": true
    },
    {
      "p": 53.92,
      "q": 55.66,
      "s": "KNCINR",
      "T": 1752363042064.93,
      "m": true
    },
    {
      "p": 54.62,
      "q": 112.47,
      "s": "KNCINR",
      "T": 1752362974149.13,
      "m": true
    },
    {
      "p": 54.62,
      "q": 160.75,
      "s": "KNCINR",
      "T": 1752362971805.79,
      "m": true
    },
    {
      "p": 54.9,
      "q": 1.85,
      "s": "KNCINR",
      "T": 1752362971805.65,
      "m": true
    },
    {
      "p": 54.43,
      "q": 90.067556,
      "s": "KNCINR",
      "T": 1752362875306.38,
      "m": false
    },
    {
      "p": 54.34,
      "q": 23.85,
      "s": "KNCINR",
      "T": 1752362875304.92,
      "m": false
    },
    {
      "p": 54.5,
      "q": 8.55,
      "s": "KNCINR",
      "T": 1752362734000,
      "m": true
    },
    {
      "p": 54.51,
      "q": 0.95,
      "s": "KNCINR",
      "T": 1752362725553.59,
      "m": true
    },
    {
      "p": 54.5,
      "q": 129.33,
      "s": "KNCINR",
      "T": 1752362725544.5,
      "m": true
    },
    {
      "p": 54.51,
      "q": 53,
      "s": "KNCINR",
      "T": 1752362725457.04,
      "m": true
    },
    {
      "p": 54.54,
      "q": 56.06,
      "s": "KNCINR",
      "T": 1752362689792.05,
      "m": true
    },
    {
      "p": 54.54,
      "q": 37.96,
      "s": "KNCINR",
      "T": 1752362689791.78,
      "m": true
    },
    {
      "p": 55,
      "q": 1.90909,
      "s": "KNCINR",
      "T": 1752362573742.27,
      "m": false
    },
    {
      "p": 55,
      "q": 16.363636,
      "s": "KNCINR",
      "T": 1752362464456.58,
      "m": false
    },
    {
      "p": 54.2,
      "q": 74.350573,
      "s": "KNCINR",
      "T": 1752362347529.72,
      "m": false
    },
    {
      "p": 54.08,
      "q": 220.84,
      "s": "KNCINR",
      "T": 1752362347519.39,
      "m": false
    },
    {
      "p": 54,
      "q": 841.68,
      "s": "KNCINR",
      "T": 1752362347244.27,
      "m": false
    },
    {
      "p": 54.08,
      "q": 165.89,
      "s": "KNCINR",
      "T": 1752362347000,
      "m": false
    },
    {
      "p": 54,
      "q": 25,
      "s": "KNCINR",
      "T": 1752362344524.38,
      "m": false
    },
    {
      "p": 53.51,
      "q": 283.056477,
      "s": "KNCINR",
      "T": 1752362309618.06,
      "m": false
    },
    {
      "p": 53.49,
      "q": 0.013523,
      "s": "KNCINR",
      "T": 1752362309610.06,
      "m": false
    },
    {
      "p": 53.49,
      "q": 55.81,
      "s": "KNCINR",
      "T": 1752362308959.51,
      "m": false
    },
    {
      "p": 53.32,
      "q": 1.894223,
      "s": "KNCINR",
      "T": 1752362047270.05,
      "m": false
    },
    {
      "p": 53.23,
      "q": 56.002254,
      "s": "KNCINR",
      "T": 1752361919505.16,
      "m": false
    },
    {
      "p": 52.77,
      "q": 122.74,
      "s": "KNCINR",
      "T": 1752361717188.93,
      "m": true
    },
    {
      "p": 52.78,
      "q": 50.99,
      "s": "KNCINR",
      "T": 1752361717188.45,
      "m": true
    },
    {
      "p": 52.76,
      "q": 2.58,
      "s": "KNCINR",
      "T": 1752361674000,
      "m": true
    },
    {
      "p": 53.4,
      "q": 87,
      "s": "KNCINR",
      "T": 1752361235755.85,
      "m": false
    },
    {
      "p": 52.8,
      "q": 2,
      "s": "KNCINR",
      "T": 1752360963024.18,
      "m": true
    },
    {
      "p": 53.23,
      "q": 2.385269,
      "s": "KNCINR",
      "T": 1752360572888.98,
      "m": false
    },
    {
      "p": 53.32,
      "q": 6.970357,
      "s": "KNCINR",
      "T": 1752360572888.03,
      "m": false
    },
    {
      "p": 52.73,
      "q": 228.4,
      "s": "KNCINR",
      "T": 1752360559314.95,
      "m": false
    },
    {
      "p": 52.73,
      "q": 189.22,
      "s": "KNCINR",
      "T": 1752360559308.97,
      "m": false
    },
    {
      "p": 52.48,
      "q": 74.06,
      "s": "KNCINR",
      "T": 1752360214852.78,
      "m": true
    },
    {
      "p": 52.63,
      "q": 7.410222,
      "s": "KNCINR",
      "T": 1752359915709.84,
      "m": false
    },
    {
      "p": 52.59,
      "q": 18.71,
      "s": "KNCINR",
      "T": 1752359560363.27,
      "m": true
    }
  ]
}