{
  "pair": "B-PENGU_USDT",
  "timestamp": "20250712_231357",
  "trades": [
    {
      "p": 0.023388,
      "q": 427,
      "s": "PENGUUSDT",
      "T": 1752362038365,
      "m": true
    },
    {
      "p": 0.02339,
      "q": 10000,
      "s": "PENGUUSDT",
      "T": 1752362038196,
      "m": true
    },
    {
      "p": 0.023389,
      "q": 4907,
      "s": "PENGUUSDT",
      "T": 1752362037890,
      "m": false
    },
    {
      "p": 0.023389,
      "q": 3859,
      "s": "PENGUUSDT",
      "T": 1752362037889,
      "m": false
    },
    {
      "p": 0.023387,
      "q": 15314,
      "s": "PENGUUSDT",
      "T": 1752362037887,
      "m": false
    },
    {
      "p": 0.023386,
      "q": 33822,
      "s": "PENGUUSDT",
      "T": 1752362037885,
      "m": false
    },
    {
      "p": 0.023385,
      "q": 20315,
      "s": "PENGUUSDT",
      "T": 1752362037884,
      "m": false
    },
    {
      "p": 0.023384,
      "q": 427,
      "s": "PENGUUSDT",
      "T": 1752362037882,
      "m": false
    },
    {
      "p": 0.023379,
      "q": 65,
      "s": "PENGUUSDT",
      "T": 1752362037658,
      "m": false
    },
    {
      "p": 0.023378,
      "q": 23447,
      "s": "PENGUUSDT",
      "T": 1752362037653,
      "m": false
    },
    {
      "p": 0.023377,
      "q": 14882,
      "s": "PENGUUSDT",
      "T": 1752362037651,
      "m": false
    },
    {
      "p": 0.023376,
      "q": 10711,
      "s": "PENGUUSDT",
      "T": 1752362037649,
      "m": false
    },
    {
      "p": 0.023374,
      "q": 9508,
      "s": "PENGUUSDT",
      "T": 1752362037603,
      "m": true
    },
    {
      "p": 0.023375,
      "q": 7095,
      "s": "PENGUUSDT",
      "T": 1752362037602,
      "m": false
    },
    {
      "p": 0.023374,
      "q": 15411,
      "s": "PENGUUSDT",
      "T": 1752362037601,
      "m": true
    },
    {
      "p": 0.023374,
      "q": 148,
      "s": "PENGUUSDT",
      "T": 1752362037600,
      "m": true
    },
    {
      "p": 0.023374,
      "q": 5972,
      "s": "PENGUUSDT",
      "T": 1752362037598,
      "m": true
    },
    {
      "p": 0.02338,
      "q": 10690,
      "s": "PENGUUSDT",
      "T": 1752362037597,
      "m": true
    },
    {
      "p": 0.023375,
      "q": 33062,
      "s": "PENGUUSDT",
      "T": 1752362037596,
      "m": true
    },
    {
      "p": 0.023387,
      "q": 8551,
      "s": "PENGUUSDT",
      "T": 1752362037595,
      "m": true
    },
    {
      "p": 0.023391,
      "q": 2692,
      "s": "PENGUUSDT",
      "T": 1752362037502,
      "m": false
    },
    {
      "p": 0.023385,
      "q": 8430,
      "s": "PENGUUSDT",
      "T": 1752362037231,
      "m": false
    },
    {
      "p": 0.023385,
      "q": 5098,
      "s": "PENGUUSDT",
      "T": 1752362032043,
      "m": false
    },
    {
      "p": 0.023384,
      "q": 2743,
      "s": "PENGUUSDT",
      "T": 1752362031762,
      "m": true
    },
    {
      "p": 0.023384,
      "q": 475,
      "s": "PENGUUSDT",
      "T": 1752362031517,
      "m": false
    },
    {
      "p": 0.023383,
      "q": 493,
      "s": "PENGUUSDT",
      "T": 1752362031515,
      "m": false
    },
    {
      "p": 0.02338,
      "q": 48,
      "s": "PENGUUSDT",
      "T": 1752362031514,
      "m": false
    },
    {
      "p": 0.023379,
      "q": 10698,
      "s": "PENGUUSDT",
      "T": 1752362028556,
      "m": true
    },
    {
      "p": 0.023378,
      "q": 67001,
      "s": "PENGUUSDT",
      "T": 1752362028325,
      "m": false
    },
    {
      "p": 0.023375,
      "q": 30450,
      "s": "PENGUUSDT",
      "T": 1752362028323,
      "m": false
    },
    {
      "p": 0.023372,
      "q": 475,
      "s": "PENGUUSDT",
      "T": 1752362028246,
      "m": false
    },
    {
      "p": 0.023371,
      "q": 189,
      "s": "PENGUUSDT",
      "T": 1752362027835,
      "m": false
    },
    {
      "p": 0.023371,
      "q": 239,
      "s": "PENGUUSDT",
      "T": 1752362027832,
      "m": false
    },
    {
      "p": 0.023369,
      "q": 428,
      "s": "PENGUUSDT",
      "T": 1752362027510,
      "m": false
    },
    {
      "p": 0.023366,
      "q": 1845,
      "s": "PENGUUSDT",
      "T": 1752362026680,
      "m": false
    },
    {
      "p": 0.023365,
      "q": 428,
      "s": "PENGUUSDT",
      "T": 1752362026677,
      "m": false
    },
    {
      "p": 0.023364,
      "q": 432,
      "s": "PENGUUSDT",
      "T": 1752362026517,
      "m": false
    },
    {
      "p": 0.023363,
      "q": 493,
      "s": "PENGUUSDT",
      "T": 1752362026515,
      "m": false
    },
    {
      "p": 0.023362,
      "q": 428,
      "s": "PENGUUSDT",
      "T": 1752362026514,
      "m": false
    },
    {
      "p": 0.02336,
      "q": 428,
      "s": "PENGUUSDT",
      "T": 1752362026429,
      "m": false
    },
    {
      "p": 0.023359,
      "q": 493,
      "s": "PENGUUSDT",
      "T": 1752362026370,
      "m": false
    },
    {
      "p": 0.023358,
      "q": 428,
      "s": "PENGUUSDT",
      "T": 1752362026369,
      "m": false
    },
    {
      "p": 0.023355,
      "q": 391,
      "s": "PENGUUSDT",
      "T": 1752362026304,
      "m": false
    },
    {
      "p": 0.023354,
      "q": 384,
      "s": "PENGUUSDT",
      "T": 1752362024464,
      "m": true
    },
    {
      "p": 0.023355,
      "q": 428,
      "s": "PENGUUSDT",
      "T": 1752362024459,
      "m": true
    },
    {
      "p": 0.023356,
      "q": 428,
      "s": "PENGUUSDT",
      "T": 1752362024449,
      "m": true
    },
    {
      "p": 0.023357,
      "q": 428,
      "s": "PENGUUSDT",
      "T": 1752362024401,
      "m": true
    },
    {
      "p": 0.023359,
      "q": 428,
      "s": "PENGUUSDT",
      "T": 1752362024357,
      "m": true
    },
    {
      "p": 0.02336,
      "q": 428,
      "s": "PENGUUSDT",
      "T": 1752362024356,
      "m": true
    },
    {
      "p": 0.023362,
      "q": 428,
      "s": "PENGUUSDT",
      "T": 1752362023299,
      "m": true
    }
  ]
}