{
  "pair": "B-SOL_USDT",
  "timestamp": "20250712_231357",
  "trades": [
    {
      "p": 159.98,
      "q": 0.784,
      "s": "SOLUSDT",
      "T": 1752362035876,
      "m": true
    },
    {
      "p": 159.98,
      "q": 0.94,
      "s": "SOLUSDT",
      "T": 1752362034666,
      "m": true
    },
    {
      "p": 159.98,
      "q": 45.701,
      "s": "SOLUSDT",
      "T": 1752362033115,
      "m": true
    },
    {
      "p": 159.98,
      "q": 0.859,
      "s": "SOLUSDT",
      "T": 1752362032475,
      "m": true
    },
    {
      "p": 159.99,
      "q": 3.125,
      "s": "SOLUSDT",
      "T": 1752362031421,
      "m": false
    },
    {
      "p": 159.98,
      "q": 1.912,
      "s": "SOLUSDT",
      "T": 1752362027896,
      "m": false
    },
    {
      "p": 159.97,
      "q": 0.483,
      "s": "SOLUSDT",
      "T": 1752362026263,
      "m": true
    },
    {
      "p": 159.98,
      "q": 0.043,
      "s": "SOLUSDT",
      "T": 1752362025703,
      "m": false
    },
    {
      "p": 159.98,
      "q": 0.25,
      "s": "SOLUSDT",
      "T": 1752362025044,
      "m": false
    },
    {
      "p": 159.98,
      "q": 0.12,
      "s": "SOLUSDT",
      "T": 1752362024624,
      "m": false
    },
    {
      "p": 159.98,
      "q": 0.353,
      "s": "SOLUSDT",
      "T": 1752362021690,
      "m": false
    },
    {
      "p": 159.98,
      "q": 0.304,
      "s": "SOLUSDT",
      "T": 1752362019747,
      "m": false
    },
    {
      "p": 159.98,
      "q": 0.326,
      "s": "SOLUSDT",
      "T": 1752362012869,
      "m": false
    },
    {
      "p": 159.97,
      "q": 2.918,
      "s": "SOLUSDT",
      "T": 1752362011896,
      "m": false
    },
    {
      "p": 159.97,
      "q": 0.065,
      "s": "SOLUSDT",
      "T": 1752362011019,
      "m": false
    },
    {
      "p": 159.96,
      "q": 2.132,
      "s": "SOLUSDT",
      "T": 1752362010002,
      "m": true
    },
    {
      "p": 159.97,
      "q": 2,
      "s": "SOLUSDT",
      "T": 1752362006103,
      "m": false
    },
    {
      "p": 159.96,
      "q": 2.391,
      "s": "SOLUSDT",
      "T": 1752362000940,
      "m": false
    },
    {
      "p": 159.95,
      "q": 10.933,
      "s": "SOLUSDT",
      "T": 1752362000939,
      "m": false
    },
    {
      "p": 159.95,
      "q": 6.253,
      "s": "SOLUSDT",
      "T": 1752362000938,
      "m": false
    },
    {
      "p": 159.95,
      "q": 6.253,
      "s": "SOLUSDT",
      "T": 1752362000937,
      "m": false
    },
    {
      "p": 159.95,
      "q": 14.038,
      "s": "SOLUSDT",
      "T": 1752361998507,
      "m": false
    },
    {
      "p": 159.94,
      "q": 1.771,
      "s": "SOLUSDT",
      "T": 1752361997772,
      "m": false
    },
    {
      "p": 159.94,
      "q": 4.505,
      "s": "SOLUSDT",
      "T": 1752361997630,
      "m": false
    },
    {
      "p": 159.94,
      "q": 0.95,
      "s": "SOLUSDT",
      "T": 1752361995486,
      "m": false
    },
    {
      "p": 159.94,
      "q": 0.148,
      "s": "SOLUSDT",
      "T": 1752361994707,
      "m": false
    },
    {
      "p": 159.94,
      "q": 2,
      "s": "SOLUSDT",
      "T": 1752361993649,
      "m": false
    },
    {
      "p": 159.94,
      "q": 2.619,
      "s": "SOLUSDT",
      "T": 1752361993328,
      "m": false
    },
    {
      "p": 159.93,
      "q": 0.263,
      "s": "SOLUSDT",
      "T": 1752361991858,
      "m": true
    },
    {
      "p": 159.93,
      "q": 3.755,
      "s": "SOLUSDT",
      "T": 1752361990998,
      "m": true
    },
    {
      "p": 159.94,
      "q": 0.156,
      "s": "SOLUSDT",
      "T": 1752361990915,
      "m": false
    },
    {
      "p": 159.93,
      "q": 0.05,
      "s": "SOLUSDT",
      "T": 1752361990676,
      "m": true
    },
    {
      "p": 159.93,
      "q": 0.456,
      "s": "SOLUSDT",
      "T": 1752361989874,
      "m": true
    },
    {
      "p": 159.94,
      "q": 0.129,
      "s": "SOLUSDT",
      "T": 1752361989513,
      "m": false
    },
    {
      "p": 159.94,
      "q": 18.757,
      "s": "SOLUSDT",
      "T": 1752361988237,
      "m": false
    },
    {
      "p": 159.94,
      "q": 0.038,
      "s": "SOLUSDT",
      "T": 1752361987906,
      "m": false
    },
    {
      "p": 159.93,
      "q": 0.222,
      "s": "SOLUSDT",
      "T": 1752361987774,
      "m": true
    },
    {
      "p": 159.94,
      "q": 4.393,
      "s": "SOLUSDT",
      "T": 1752361986696,
      "m": true
    },
    {
      "p": 159.95,
      "q": 1.103,
      "s": "SOLUSDT",
      "T": 1752361985028,
      "m": false
    },
    {
      "p": 159.94,
      "q": 0.171,
      "s": "SOLUSDT",
      "T": 1752361983710,
      "m": true
    },
    {
      "p": 159.95,
      "q": 0.062,
      "s": "SOLUSDT",
      "T": 1752361983652,
      "m": false
    },
    {
      "p": 159.95,
      "q": 0.099,
      "s": "SOLUSDT",
      "T": 1752361982363,
      "m": false
    },
    {
      "p": 159.95,
      "q": 66.023,
      "s": "SOLUSDT",
      "T": 1752361981355,
      "m": false
    },
    {
      "p": 159.94,
      "q": 0.256,
      "s": "SOLUSDT",
      "T": 1752361981119,
      "m": true
    },
    {
      "p": 159.95,
      "q": 0.131,
      "s": "SOLUSDT",
      "T": 1752361980109,
      "m": false
    },
    {
      "p": 159.95,
      "q": 0.327,
      "s": "SOLUSDT",
      "T": 1752361977549,
      "m": false
    },
    {
      "p": 159.95,
      "q": 0.242,
      "s": "SOLUSDT",
      "T": 1752361977500,
      "m": false
    },
    {
      "p": 159.94,
      "q": 0.204,
      "s": "SOLUSDT",
      "T": 1752361974703,
      "m": true
    },
    {
      "p": 159.95,
      "q": 1,
      "s": "SOLUSDT",
      "T": 1752361973977,
      "m": false
    },
    {
      "p": 159.95,
      "q": 0.055,
      "s": "SOLUSDT",
      "T": 1752361973661,
      "m": false
    }
  ]
}