{
  "pair": "B-ETH_USDT",
  "timestamp": "20250712_231357",
  "trades": [
    {
      "p": 2932,
      "q": 0.0177,
      "s": "ETHUSDT",
      "T": 1752362035165,
      "m": false
    },
    {
      "p": 2932,
      "q": 0.0511,
      "s": "ETHUSDT",
      "T": 1752362031452,
      "m": false
    },
    {
      "p": 2931.99,
      "q": 0.0081,
      "s": "ETHUSDT",
      "T": 1752362031056,
      "m": true
    },
    {
      "p": 2932,
      "q": 0.0488,
      "s": "ETHUSDT",
      "T": 1752362029730,
      "m": false
    },
    {
      "p": 2931.99,
      "q": 0.027,
      "s": "ETHUSDT",
      "T": 1752362029112,
      "m": true
    },
    {
      "p": 2931.99,
      "q": 0.003,
      "s": "ETHUSDT",
      "T": 1752362028918,
      "m": true
    },
    {
      "p": 2931.99,
      "q": 2,
      "s": "ETHUSDT",
      "T": 1752362028748,
      "m": true
    },
    {
      "p": 2931.99,
      "q": 0.0055,
      "s": "ETHUSDT",
      "T": 1752362028265,
      "m": true
    },
    {
      "p": 2932,
      "q": 0.1849,
      "s": "ETHUSDT",
      "T": 1752362027281,
      "m": false
    },
    {
      "p": 2931.99,
      "q": 0.0184,
      "s": "ETHUSDT",
      "T": 1752362021485,
      "m": true
    },
    {
      "p": 2932,
      "q": 0.2329,
      "s": "ETHUSDT",
      "T": 1752362021375,
      "m": false
    },
    {
      "p": 2932,
      "q": 0.0105,
      "s": "ETHUSDT",
      "T": 1752362017316,
      "m": false
    },
    {
      "p": 2931.99,
      "q": 0.1636,
      "s": "ETHUSDT",
      "T": 1752362016377,
      "m": true
    },
    {
      "p": 2931.99,
      "q": 0.1364,
      "s": "ETHUSDT",
      "T": 1752362015407,
      "m": true
    },
    {
      "p": 2931.99,
      "q": 0.0053,
      "s": "ETHUSDT",
      "T": 1752362014852,
      "m": true
    },
    {
      "p": 2931.99,
      "q": 0.0117,
      "s": "ETHUSDT",
      "T": 1752362014836,
      "m": true
    },
    {
      "p": 2932,
      "q": 0.1206,
      "s": "ETHUSDT",
      "T": 1752362014453,
      "m": false
    },
    {
      "p": 2932,
      "q": 0.0482,
      "s": "ETHUSDT",
      "T": 1752362012792,
      "m": false
    },
    {
      "p": 2931.99,
      "q": 1,
      "s": "ETHUSDT",
      "T": 1752362009109,
      "m": true
    },
    {
      "p": 2932,
      "q": 0.4359,
      "s": "ETHUSDT",
      "T": 1752362003590,
      "m": false
    },
    {
      "p": 2932,
      "q": 0.0341,
      "s": "ETHUSDT",
      "T": 1752362002955,
      "m": false
    },
    {
      "p": 2931.99,
      "q": 0.0337,
      "s": "ETHUSDT",
      "T": 1752362002793,
      "m": true
    },
    {
      "p": 2932,
      "q": 0.0341,
      "s": "ETHUSDT",
      "T": 1752362002285,
      "m": false
    },
    {
      "p": 2932,
      "q": 0.0017,
      "s": "ETHUSDT",
      "T": 1752362001152,
      "m": false
    },
    {
      "p": 2931.99,
      "q": 0.0044,
      "s": "ETHUSDT",
      "T": 1752361998053,
      "m": true
    },
    {
      "p": 2931.99,
      "q": 0.0995,
      "s": "ETHUSDT",
      "T": 1752361997753,
      "m": false
    },
    {
      "p": 2931.96,
      "q": 0.0072,
      "s": "ETHUSDT",
      "T": 1752361997751,
      "m": false
    },
    {
      "p": 2931.92,
      "q": 0.0036,
      "s": "ETHUSDT",
      "T": 1752361997749,
      "m": false
    },
    {
      "p": 2931.88,
      "q": 0.8559,
      "s": "ETHUSDT",
      "T": 1752361997746,
      "m": false
    },
    {
      "p": 2931.88,
      "q": 0.068,
      "s": "ETHUSDT",
      "T": 1752361997617,
      "m": false
    },
    {
      "p": 2931.87,
      "q": 0.1022,
      "s": "ETHUSDT",
      "T": 1752361997316,
      "m": true
    },
    {
      "p": 2931.88,
      "q": 0.0578,
      "s": "ETHUSDT",
      "T": 1752361995916,
      "m": false
    },
    {
      "p": 2931.88,
      "q": 0.305,
      "s": "ETHUSDT",
      "T": 1752361995682,
      "m": false
    },
    {
      "p": 2931.88,
      "q": 0.0021,
      "s": "ETHUSDT",
      "T": 1752361995618,
      "m": false
    },
    {
      "p": 2931.88,
      "q": 0.0102,
      "s": "ETHUSDT",
      "T": 1752361995368,
      "m": false
    },
    {
      "p": 2931.87,
      "q": 1,
      "s": "ETHUSDT",
      "T": 1752361993195,
      "m": true
    },
    {
      "p": 2931.88,
      "q": 0.0031,
      "s": "ETHUSDT",
      "T": 1752361992149,
      "m": false
    },
    {
      "p": 2931.88,
      "q": 0.005,
      "s": "ETHUSDT",
      "T": 1752361991229,
      "m": false
    },
    {
      "p": 2931.88,
      "q": 0.1062,
      "s": "ETHUSDT",
      "T": 1752361991048,
      "m": false
    },
    {
      "p": 2931.87,
      "q": 0.0384,
      "s": "ETHUSDT",
      "T": 1752361990316,
      "m": true
    },
    {
      "p": 2931.87,
      "q": 0.0102,
      "s": "ETHUSDT",
      "T": 1752361990313,
      "m": true
    },
    {
      "p": 2931.87,
      "q": 0.0384,
      "s": "ETHUSDT",
      "T": 1752361990307,
      "m": true
    },
    {
      "p": 2931.87,
      "q": 0.0103,
      "s": "ETHUSDT",
      "T": 1752361990303,
      "m": true
    },
    {
      "p": 2931.88,
      "q": 0.0263,
      "s": "ETHUSDT",
      "T": 1752361989483,
      "m": false
    },
    {
      "p": 2931.88,
      "q": 0.9479,
      "s": "ETHUSDT",
      "T": 1752361989298,
      "m": false
    },
    {
      "p": 2931.87,
      "q": 0.034,
      "s": "ETHUSDT",
      "T": 1752361987558,
      "m": true
    },
    {
      "p": 2931.87,
      "q": 0.034,
      "s": "ETHUSDT",
      "T": 1752361987554,
      "m": true
    },
    {
      "p": 2931.87,
      "q": 0.034,
      "s": "ETHUSDT",
      "T": 1752361987553,
      "m": true
    },
    {
      "p": 2931.87,
      "q": 0.034,
      "s": "ETHUSDT",
      "T": 1752361987552,
      "m": true
    },
    {
      "p": 2931.88,
      "q": 0.0036,
      "s": "ETHUSDT",
      "T": 1752361987549,
      "m": true
    }
  ]
}