{
  "pair": "B-DOGE_USDT",
  "timestamp": "20250712_232344",
  "trades": [
    {
      "p": 0.1968,
      "q": 1188,
      "s": "DOGEUSDT",
      "T": 1752362629197,
      "m": true
    },
    {
      "p": 0.1968,
      "q": 811,
      "s": "DOGEUSDT",
      "T": 1752362629146,
      "m": true
    },
    {
      "p": 0.19682,
      "q": 4473,
      "s": "DOGEUSDT",
      "T": 1752362629142,
      "m": true
    },
    {
      "p": 0.19683,
      "q": 4481,
      "s": "DOGEUSDT",
      "T": 1752362629141,
      "m": true
    },
    {
      "p": 0.19683,
      "q": 4038,
      "s": "DOGEUSDT",
      "T": 1752362629140,
      "m": true
    },
    {
      "p": 0.19684,
      "q": 9392,
      "s": "DOGEUSDT",
      "T": 1752362629139,
      "m": true
    },
    {
      "p": 0.19684,
      "q": 544,
      "s": "DOGEUSDT",
      "T": 1752362629138,
      "m": true
    },
    {
      "p": 0.19684,
      "q": 67187,
      "s": "DOGEUSDT",
      "T": 1752362629122,
      "m": true
    },
    {
      "p": 0.19684,
      "q": 500,
      "s": "DOGEUSDT",
      "T": 1752362627628,
      "m": true
    },
    {
      "p": 0.19684,
      "q": 500,
      "s": "DOGEUSDT",
      "T": 1752362626073,
      "m": true
    },
    {
      "p": 0.19685,
      "q": 364,
      "s": "DOGEUSDT",
      "T": 1752362625540,
      "m": false
    },
    {
      "p": 0.19682,
      "q": 182,
      "s": "DOGEUSDT",
      "T": 1752362625222,
      "m": false
    },
    {
      "p": 0.19681,
      "q": 106,
      "s": "DOGEUSDT",
      "T": 1752362622950,
      "m": false
    },
    {
      "p": 0.19679,
      "q": 3213,
      "s": "DOGEUSDT",
      "T": 1752362622818,
      "m": false
    },
    {
      "p": 0.19679,
      "q": 86,
      "s": "DOGEUSDT",
      "T": 1752362622710,
      "m": false
    },
    {
      "p": 0.19678,
      "q": 14,
      "s": "DOGEUSDT",
      "T": 1752362622484,
      "m": true
    },
    {
      "p": 0.19679,
      "q": 62,
      "s": "DOGEUSDT",
      "T": 1752362620069,
      "m": true
    },
    {
      "p": 0.1968,
      "q": 46,
      "s": "DOGEUSDT",
      "T": 1752362620054,
      "m": true
    },
    {
      "p": 0.1968,
      "q": 53,
      "s": "DOGEUSDT",
      "T": 1752362615181,
      "m": true
    },
    {
      "p": 0.1968,
      "q": 342,
      "s": "DOGEUSDT",
      "T": 1752362612227,
      "m": true
    },
    {
      "p": 0.19682,
      "q": 865,
      "s": "DOGEUSDT",
      "T": 1752362611154,
      "m": true
    },
    {
      "p": 0.19683,
      "q": 2810,
      "s": "DOGEUSDT",
      "T": 1752362602629,
      "m": false
    },
    {
      "p": 0.19682,
      "q": 72,
      "s": "DOGEUSDT",
      "T": 1752362601596,
      "m": true
    },
    {
      "p": 0.19683,
      "q": 18051,
      "s": "DOGEUSDT",
      "T": 1752362597775,
      "m": false
    },
    {
      "p": 0.19682,
      "q": 278,
      "s": "DOGEUSDT",
      "T": 1752362594666,
      "m": true
    },
    {
      "p": 0.19683,
      "q": 6,
      "s": "DOGEUSDT",
      "T": 1752362593061,
      "m": true
    },
    {
      "p": 0.19684,
      "q": 80,
      "s": "DOGEUSDT",
      "T": 1752362593058,
      "m": true
    },
    {
      "p": 0.19686,
      "q": 403,
      "s": "DOGEUSDT",
      "T": 1752362592858,
      "m": true
    },
    {
      "p": 0.19686,
      "q": 368,
      "s": "DOGEUSDT",
      "T": 1752362589786,
      "m": true
    },
    {
      "p": 0.19687,
      "q": 508,
      "s": "DOGEUSDT",
      "T": 1752362584063,
      "m": false
    },
    {
      "p": 0.19687,
      "q": 46,
      "s": "DOGEUSDT",
      "T": 1752362583585,
      "m": false
    },
    {
      "p": 0.19686,
      "q": 1191,
      "s": "DOGEUSDT",
      "T": 1752362582403,
      "m": true
    },
    {
      "p": 0.19688,
      "q": 6,
      "s": "DOGEUSDT",
      "T": 1752362582296,
      "m": true
    },
    {
      "p": 0.19688,
      "q": 1758,
      "s": "DOGEUSDT",
      "T": 1752362582292,
      "m": true
    },
    {
      "p": 0.19688,
      "q": 5000,
      "s": "DOGEUSDT",
      "T": 1752362582289,
      "m": true
    },
    {
      "p": 0.19688,
      "q": 2322,
      "s": "DOGEUSDT",
      "T": 1752362582288,
      "m": true
    },
    {
      "p": 0.19691,
      "q": 803,
      "s": "DOGEUSDT",
      "T": 1752362582251,
      "m": true
    },
    {
      "p": 0.19692,
      "q": 62,
      "s": "DOGEUSDT",
      "T": 1752362582250,
      "m": true
    },
    {
      "p": 0.19693,
      "q": 70,
      "s": "DOGEUSDT",
      "T": 1752362582208,
      "m": true
    },
    {
      "p": 0.19694,
      "q": 973,
      "s": "DOGEUSDT",
      "T": 1752362582161,
      "m": true
    },
    {
      "p": 0.19694,
      "q": 9959,
      "s": "DOGEUSDT",
      "T": 1752362582160,
      "m": true
    },
    {
      "p": 0.19694,
      "q": 18,
      "s": "DOGEUSDT",
      "T": 1752362580557,
      "m": true
    },
    {
      "p": 0.19696,
      "q": 68,
      "s": "DOGEUSDT",
      "T": 1752362577781,
      "m": true
    },
    {
      "p": 0.19698,
      "q": 1853,
      "s": "DOGEUSDT",
      "T": 1752362575351,
      "m": true
    },
    {
      "p": 0.19698,
      "q": 598,
      "s": "DOGEUSDT",
      "T": 1752362575234,
      "m": true
    },
    {
      "p": 0.19698,
      "q": 38,
      "s": "DOGEUSDT",
      "T": 1752362575214,
      "m": true
    },
    {
      "p": 0.19698,
      "q": 468,
      "s": "DOGEUSDT",
      "T": 1752362575213,
      "m": true
    },
    {
      "p": 0.19698,
      "q": 30,
      "s": "DOGEUSDT",
      "T": 1752362574285,
      "m": true
    },
    {
      "p": 0.19698,
      "q": 2808,
      "s": "DOGEUSDT",
      "T": 1752362573750,
      "m": true
    },
    {
      "p": 0.19698,
      "q": 327,
      "s": "DOGEUSDT",
      "T": 1752362571749,
      "m": false
    }
  ]
}