{
  "pair": "B-SOL_USDT",
  "timestamp": "20250712_232344",
  "trades": [
    {
      "p": 160.4,
      "q": 0.124,
      "s": "SOLUSDT",
      "T": 1752362626107,
      "m": true
    },
    {
      "p": 160.41,
      "q": 0.055,
      "s": "SOLUSDT",
      "T": 1752362625689,
      "m": false
    },
    {
      "p": 160.41,
      "q": 0.598,
      "s": "SOLUSDT",
      "T": 1752362621720,
      "m": false
    },
    {
      "p": 160.41,
      "q": 0.352,
      "s": "SOLUSDT",
      "T": 1752362621362,
      "m": false
    },
    {
      "p": 160.4,
      "q": 0.075,
      "s": "SOLUSDT",
      "T": 1752362620737,
      "m": true
    },
    {
      "p": 160.41,
      "q": 8.483,
      "s": "SOLUSDT",
      "T": 1752362618604,
      "m": false
    },
    {
      "p": 160.4,
      "q": 0.064,
      "s": "SOLUSDT",
      "T": 1752362617835,
      "m": true
    },
    {
      "p": 160.4,
      "q": 2.998,
      "s": "SOLUSDT",
      "T": 1752362615380,
      "m": true
    },
    {
      "p": 160.4,
      "q": 1.188,
      "s": "SOLUSDT",
      "T": 1752362615175,
      "m": true
    },
    {
      "p": 160.4,
      "q": 2.015,
      "s": "SOLUSDT",
      "T": 1752362614513,
      "m": true
    },
    {
      "p": 160.4,
      "q": 0.1,
      "s": "SOLUSDT",
      "T": 1752362612596,
      "m": true
    },
    {
      "p": 160.4,
      "q": 0.1,
      "s": "SOLUSDT",
      "T": 1752362612097,
      "m": true
    },
    {
      "p": 160.4,
      "q": 0.063,
      "s": "SOLUSDT",
      "T": 1752362608198,
      "m": true
    },
    {
      "p": 160.4,
      "q": 0.039,
      "s": "SOLUSDT",
      "T": 1752362608035,
      "m": true
    },
    {
      "p": 160.41,
      "q": 0.143,
      "s": "SOLUSDT",
      "T": 1752362607576,
      "m": false
    },
    {
      "p": 160.4,
      "q": 0.9,
      "s": "SOLUSDT",
      "T": 1752362605669,
      "m": true
    },
    {
      "p": 160.41,
      "q": 0.081,
      "s": "SOLUSDT",
      "T": 1752362603747,
      "m": false
    },
    {
      "p": 160.4,
      "q": 2.469,
      "s": "SOLUSDT",
      "T": 1752362601762,
      "m": true
    },
    {
      "p": 160.4,
      "q": 1,
      "s": "SOLUSDT",
      "T": 1752362599377,
      "m": true
    },
    {
      "p": 160.41,
      "q": 0.252,
      "s": "SOLUSDT",
      "T": 1752362597749,
      "m": false
    },
    {
      "p": 160.41,
      "q": 0.225,
      "s": "SOLUSDT",
      "T": 1752362597163,
      "m": false
    },
    {
      "p": 160.4,
      "q": 2.997,
      "s": "SOLUSDT",
      "T": 1752362595604,
      "m": true
    },
    {
      "p": 160.41,
      "q": 0.06,
      "s": "SOLUSDT",
      "T": 1752362594665,
      "m": false
    },
    {
      "p": 160.41,
      "q": 0.228,
      "s": "SOLUSDT",
      "T": 1752362594522,
      "m": false
    },
    {
      "p": 160.4,
      "q": 2.574,
      "s": "SOLUSDT",
      "T": 1752362594136,
      "m": true
    },
    {
      "p": 160.4,
      "q": 0.823,
      "s": "SOLUSDT",
      "T": 1752362592344,
      "m": true
    },
    {
      "p": 160.4,
      "q": 0.69,
      "s": "SOLUSDT",
      "T": 1752362591398,
      "m": true
    },
    {
      "p": 160.41,
      "q": 0.385,
      "s": "SOLUSDT",
      "T": 1752362588771,
      "m": false
    },
    {
      "p": 160.41,
      "q": 3.769,
      "s": "SOLUSDT",
      "T": 1752362588312,
      "m": false
    },
    {
      "p": 160.41,
      "q": 1.172,
      "s": "SOLUSDT",
      "T": 1752362587607,
      "m": false
    },
    {
      "p": 160.4,
      "q": 1.893,
      "s": "SOLUSDT",
      "T": 1752362587213,
      "m": true
    },
    {
      "p": 160.4,
      "q": 0.187,
      "s": "SOLUSDT",
      "T": 1752362586451,
      "m": true
    },
    {
      "p": 160.4,
      "q": 0.1,
      "s": "SOLUSDT",
      "T": 1752362586139,
      "m": true
    },
    {
      "p": 160.4,
      "q": 0.043,
      "s": "SOLUSDT",
      "T": 1752362585589,
      "m": true
    },
    {
      "p": 160.4,
      "q": 0.591,
      "s": "SOLUSDT",
      "T": 1752362584993,
      "m": true
    },
    {
      "p": 160.41,
      "q": 0.389,
      "s": "SOLUSDT",
      "T": 1752362584440,
      "m": false
    },
    {
      "p": 160.41,
      "q": 0.137,
      "s": "SOLUSDT",
      "T": 1752362582612,
      "m": false
    },
    {
      "p": 160.4,
      "q": 0.1,
      "s": "SOLUSDT",
      "T": 1752362582497,
      "m": true
    },
    {
      "p": 160.4,
      "q": 0.222,
      "s": "SOLUSDT",
      "T": 1752362582361,
      "m": true
    },
    {
      "p": 160.4,
      "q": 0.673,
      "s": "SOLUSDT",
      "T": 1752362582314,
      "m": true
    },
    {
      "p": 160.4,
      "q": 3.232,
      "s": "SOLUSDT",
      "T": 1752362582260,
      "m": true
    },
    {
      "p": 160.42,
      "q": 8.011,
      "s": "SOLUSDT",
      "T": 1752362582248,
      "m": true
    },
    {
      "p": 160.42,
      "q": 0.673,
      "s": "SOLUSDT",
      "T": 1752362582238,
      "m": true
    },
    {
      "p": 160.42,
      "q": 0.1,
      "s": "SOLUSDT",
      "T": 1752362582181,
      "m": true
    },
    {
      "p": 160.42,
      "q": 1,
      "s": "SOLUSDT",
      "T": 1752362582167,
      "m": true
    },
    {
      "p": 160.43,
      "q": 6.543,
      "s": "SOLUSDT",
      "T": 1752362582163,
      "m": true
    },
    {
      "p": 160.43,
      "q": 0.423,
      "s": "SOLUSDT",
      "T": 1752362578883,
      "m": true
    },
    {
      "p": 160.44,
      "q": 1,
      "s": "SOLUSDT",
      "T": 1752362578609,
      "m": false
    },
    {
      "p": 160.44,
      "q": 16.791,
      "s": "SOLUSDT",
      "T": 1752362578505,
      "m": false
    },
    {
      "p": 160.43,
      "q": 0.033,
      "s": "SOLUSDT",
      "T": 1752362578437,
      "m": true
    }
  ]
}