{
  "pair": "B-SUI_USDT",
  "timestamp": "20250712_232344",
  "trades": [
    {
      "p": 3.3875,
      "q": 5,
      "s": "SUIUSDT",
      "T": 1752362629332,
      "m": true
    },
    {
      "p": 3.3877,
      "q": 103.7,
      "s": "SUIUSDT",
      "T": 1752362628563,
      "m": true
    },
    {
      "p": 3.3877,
      "q": 16.4,
      "s": "SUIUSDT",
      "T": 1752362627938,
      "m": true
    },
    {
      "p": 3.3881,
      "q": 2083.9,
      "s": "SUIUSDT",
      "T": 1752362627358,
      "m": true
    },
    {
      "p": 3.3881,
      "q": 66.5,
      "s": "SUIUSDT",
      "T": 1752362627232,
      "m": false
    },
    {
      "p": 3.3877,
      "q": 3,
      "s": "SUIUSDT",
      "T": 1752362626955,
      "m": true
    },
    {
      "p": 3.3877,
      "q": 211.7,
      "s": "SUIUSDT",
      "T": 1752362625214,
      "m": false
    },
    {
      "p": 3.3876,
      "q": 4.7,
      "s": "SUIUSDT",
      "T": 1752362625210,
      "m": false
    },
    {
      "p": 3.3875,
      "q": 3,
      "s": "SUIUSDT",
      "T": 1752362625206,
      "m": false
    },
    {
      "p": 3.3872,
      "q": 264.9,
      "s": "SUIUSDT",
      "T": 1752362625203,
      "m": false
    },
    {
      "p": 3.3871,
      "q": 90.3,
      "s": "SUIUSDT",
      "T": 1752362622654,
      "m": true
    },
    {
      "p": 3.3871,
      "q": 5,
      "s": "SUIUSDT",
      "T": 1752362612137,
      "m": true
    },
    {
      "p": 3.3872,
      "q": 1.7,
      "s": "SUIUSDT",
      "T": 1752362612060,
      "m": true
    },
    {
      "p": 3.3873,
      "q": 5,
      "s": "SUIUSDT",
      "T": 1752362612054,
      "m": true
    },
    {
      "p": 3.3873,
      "q": 60.8,
      "s": "SUIUSDT",
      "T": 1752362612053,
      "m": true
    },
    {
      "p": 3.3874,
      "q": 2,
      "s": "SUIUSDT",
      "T": 1752362612052,
      "m": true
    },
    {
      "p": 3.3876,
      "q": 4.7,
      "s": "SUIUSDT",
      "T": 1752362612047,
      "m": true
    },
    {
      "p": 3.3877,
      "q": 9.2,
      "s": "SUIUSDT",
      "T": 1752362612045,
      "m": true
    },
    {
      "p": 3.3877,
      "q": 74.1,
      "s": "SUIUSDT",
      "T": 1752362612044,
      "m": true
    },
    {
      "p": 3.3878,
      "q": 1.7,
      "s": "SUIUSDT",
      "T": 1752362610992,
      "m": true
    },
    {
      "p": 3.3878,
      "q": 29.8,
      "s": "SUIUSDT",
      "T": 1752362608816,
      "m": true
    },
    {
      "p": 3.3879,
      "q": 1.8,
      "s": "SUIUSDT",
      "T": 1752362608106,
      "m": false
    },
    {
      "p": 3.3879,
      "q": 5.9,
      "s": "SUIUSDT",
      "T": 1752362607851,
      "m": false
    },
    {
      "p": 3.3881,
      "q": 15,
      "s": "SUIUSDT",
      "T": 1752362602549,
      "m": false
    },
    {
      "p": 3.3883,
      "q": 68,
      "s": "SUIUSDT",
      "T": 1752362600975,
      "m": true
    },
    {
      "p": 3.3883,
      "q": 3,
      "s": "SUIUSDT",
      "T": 1752362590537,
      "m": false
    },
    {
      "p": 3.3881,
      "q": 3,
      "s": "SUIUSDT",
      "T": 1752362590337,
      "m": false
    },
    {
      "p": 3.3879,
      "q": 1.5,
      "s": "SUIUSDT",
      "T": 1752362590335,
      "m": false
    },
    {
      "p": 3.3878,
      "q": 83.2,
      "s": "SUIUSDT",
      "T": 1752362590333,
      "m": false
    },
    {
      "p": 3.3877,
      "q": 3,
      "s": "SUIUSDT",
      "T": 1752362587737,
      "m": false
    },
    {
      "p": 3.3876,
      "q": 3,
      "s": "SUIUSDT",
      "T": 1752362587637,
      "m": false
    },
    {
      "p": 3.3872,
      "q": 1180.1,
      "s": "SUIUSDT",
      "T": 1752362587452,
      "m": false
    },
    {
      "p": 3.3871,
      "q": 0.6,
      "s": "SUIUSDT",
      "T": 1752362587299,
      "m": true
    },
    {
      "p": 3.3874,
      "q": 1.7,
      "s": "SUIUSDT",
      "T": 1752362587294,
      "m": true
    },
    {
      "p": 3.3877,
      "q": 5,
      "s": "SUIUSDT",
      "T": 1752362587199,
      "m": true
    },
    {
      "p": 3.3877,
      "q": 6.8,
      "s": "SUIUSDT",
      "T": 1752362582307,
      "m": true
    },
    {
      "p": 3.3878,
      "q": 4.7,
      "s": "SUIUSDT",
      "T": 1752362582304,
      "m": true
    },
    {
      "p": 3.3879,
      "q": 1,
      "s": "SUIUSDT",
      "T": 1752362582287,
      "m": true
    },
    {
      "p": 3.3881,
      "q": 2.4,
      "s": "SUIUSDT",
      "T": 1752362582284,
      "m": true
    },
    {
      "p": 3.3881,
      "q": 5,
      "s": "SUIUSDT",
      "T": 1752362582261,
      "m": true
    },
    {
      "p": 3.3882,
      "q": 4.7,
      "s": "SUIUSDT",
      "T": 1752362582253,
      "m": true
    },
    {
      "p": 3.3883,
      "q": 6.8,
      "s": "SUIUSDT",
      "T": 1752362582250,
      "m": true
    },
    {
      "p": 3.3885,
      "q": 3,
      "s": "SUIUSDT",
      "T": 1752362582249,
      "m": true
    },
    {
      "p": 3.3886,
      "q": 7,
      "s": "SUIUSDT",
      "T": 1752362582243,
      "m": true
    },
    {
      "p": 3.3888,
      "q": 242.3,
      "s": "SUIUSDT",
      "T": 1752362582236,
      "m": true
    },
    {
      "p": 3.3889,
      "q": 10.1,
      "s": "SUIUSDT",
      "T": 1752362582160,
      "m": true
    },
    {
      "p": 3.389,
      "q": 87.9,
      "s": "SUIUSDT",
      "T": 1752362582159,
      "m": true
    },
    {
      "p": 3.3891,
      "q": 3,
      "s": "SUIUSDT",
      "T": 1752362582157,
      "m": true
    },
    {
      "p": 3.3892,
      "q": 8.5,
      "s": "SUIUSDT",
      "T": 1752362582155,
      "m": true
    },
    {
      "p": 3.3893,
      "q": 5,
      "s": "SUIUSDT",
      "T": 1752362582083,
      "m": true
    }
  ]
}