{
  "pair": "B-BONK_USDT",
  "timestamp": "20250712_231357",
  "trades": [
    {
      "p": 2.486e-05,
      "q": 3259942,
      "s": "BONKUSDT",
      "T": 1752362039076,
      "m": false
    },
    {
      "p": 2.486e-05,
      "q": 398676,
      "s": "BONKUSDT",
      "T": 1752362038152,
      "m": false
    },
    {
      "p": 2.486e-05,
      "q": 396919,
      "s": "BONKUSDT",
      "T": 1752362037887,
      "m": false
    },
    {
      "p": 2.485e-05,
      "q": 21706238,
      "s": "BONKUSDT",
      "T": 1752362037730,
      "m": false
    },
    {
      "p": 2.485e-05,
      "q": 4234530,
      "s": "BONKUSDT",
      "T": 1752362036325,
      "m": true
    },
    {
      "p": 2.485e-05,
      "q": 4024144,
      "s": "BONKUSDT",
      "T": 1752362028549,
      "m": true
    },
    {
      "p": 2.485e-05,
      "q": 402259,
      "s": "BONKUSDT",
      "T": 1752362027995,
      "m": true
    },
    {
      "p": 2.485e-05,
      "q": 47474905,
      "s": "BONKUSDT",
      "T": 1752362027832,
      "m": false
    },
    {
      "p": 2.485e-05,
      "q": 1132929,
      "s": "BONKUSDT",
      "T": 1752362027831,
      "m": false
    },
    {
      "p": 2.485e-05,
      "q": 26491417,
      "s": "BONKUSDT",
      "T": 1752362026746,
      "m": false
    },
    {
      "p": 2.485e-05,
      "q": 2881195,
      "s": "BONKUSDT",
      "T": 1752362024368,
      "m": false
    },
    {
      "p": 2.484e-05,
      "q": 620395,
      "s": "BONKUSDT",
      "T": 1752362023727,
      "m": true
    },
    {
      "p": 2.484e-05,
      "q": 8035355,
      "s": "BONKUSDT",
      "T": 1752362019950,
      "m": true
    },
    {
      "p": 2.484e-05,
      "q": 110533,
      "s": "BONKUSDT",
      "T": 1752362019947,
      "m": true
    },
    {
      "p": 2.485e-05,
      "q": 43081130,
      "s": "BONKUSDT",
      "T": 1752362019638,
      "m": true
    },
    {
      "p": 2.485e-05,
      "q": 2649272,
      "s": "BONKUSDT",
      "T": 1752362019157,
      "m": true
    },
    {
      "p": 2.485e-05,
      "q": 175238,
      "s": "BONKUSDT",
      "T": 1752362018175,
      "m": true
    },
    {
      "p": 2.485e-05,
      "q": 30472094,
      "s": "BONKUSDT",
      "T": 1752362017259,
      "m": true
    },
    {
      "p": 2.485e-05,
      "q": 118879762,
      "s": "BONKUSDT",
      "T": 1752362017192,
      "m": true
    },
    {
      "p": 2.486e-05,
      "q": 6646869,
      "s": "BONKUSDT",
      "T": 1752362015639,
      "m": true
    },
    {
      "p": 2.486e-05,
      "q": 42000000,
      "s": "BONKUSDT",
      "T": 1752362015636,
      "m": true
    },
    {
      "p": 2.487e-05,
      "q": 1329585,
      "s": "BONKUSDT",
      "T": 1752362013049,
      "m": true
    },
    {
      "p": 2.487e-05,
      "q": 8455866,
      "s": "BONKUSDT",
      "T": 1752362012600,
      "m": true
    },
    {
      "p": 2.487e-05,
      "q": 42468,
      "s": "BONKUSDT",
      "T": 1752362011790,
      "m": false
    },
    {
      "p": 2.487e-05,
      "q": 36026131,
      "s": "BONKUSDT",
      "T": 1752362011788,
      "m": false
    },
    {
      "p": 2.487e-05,
      "q": 54627351,
      "s": "BONKUSDT",
      "T": 1752362010133,
      "m": true
    },
    {
      "p": 2.488e-05,
      "q": 8434634,
      "s": "BONKUSDT",
      "T": 1752362009186,
      "m": true
    },
    {
      "p": 2.488e-05,
      "q": 4110853,
      "s": "BONKUSDT",
      "T": 1752362008100,
      "m": false
    },
    {
      "p": 2.488e-05,
      "q": 1205787,
      "s": "BONKUSDT",
      "T": 1752362006799,
      "m": false
    },
    {
      "p": 2.487e-05,
      "q": 42000000,
      "s": "BONKUSDT",
      "T": 1752362006210,
      "m": true
    },
    {
      "p": 2.488e-05,
      "q": 42195,
      "s": "BONKUSDT",
      "T": 1752362002050,
      "m": true
    },
    {
      "p": 2.488e-05,
      "q": 64445659,
      "s": "BONKUSDT",
      "T": 1752362002048,
      "m": true
    },
    {
      "p": 2.488e-05,
      "q": 45524106,
      "s": "BONKUSDT",
      "T": 1752362001538,
      "m": true
    },
    {
      "p": 2.489e-05,
      "q": 6107519,
      "s": "BONKUSDT",
      "T": 1752362001107,
      "m": false
    },
    {
      "p": 2.489e-05,
      "q": 84680,
      "s": "BONKUSDT",
      "T": 1752362000882,
      "m": true
    },
    {
      "p": 2.49e-05,
      "q": 21823480,
      "s": "BONKUSDT",
      "T": 1752362000537,
      "m": false
    },
    {
      "p": 2.489e-05,
      "q": 84936,
      "s": "BONKUSDT",
      "T": 1752362000507,
      "m": false
    },
    {
      "p": 2.489e-05,
      "q": 712155676,
      "s": "BONKUSDT",
      "T": 1752362000504,
      "m": false
    },
    {
      "p": 2.488e-05,
      "q": 641127,
      "s": "BONKUSDT",
      "T": 1752362000470,
      "m": true
    },
    {
      "p": 2.488e-05,
      "q": 1123608,
      "s": "BONKUSDT",
      "T": 1752362000031,
      "m": false
    },
    {
      "p": 2.488e-05,
      "q": 59165000,
      "s": "BONKUSDT",
      "T": 1752362000024,
      "m": false
    },
    {
      "p": 2.488e-05,
      "q": 793125,
      "s": "BONKUSDT",
      "T": 1752361999239,
      "m": false
    },
    {
      "p": 2.488e-05,
      "q": 62000000,
      "s": "BONKUSDT",
      "T": 1752361999138,
      "m": false
    },
    {
      "p": 2.488e-05,
      "q": 1152570,
      "s": "BONKUSDT",
      "T": 1752361999076,
      "m": true
    },
    {
      "p": 2.488e-05,
      "q": 42000000,
      "s": "BONKUSDT",
      "T": 1752361999068,
      "m": true
    },
    {
      "p": 2.489e-05,
      "q": 1175003,
      "s": "BONKUSDT",
      "T": 1752361998384,
      "m": false
    },
    {
      "p": 2.489e-05,
      "q": 663000,
      "s": "BONKUSDT",
      "T": 1752361998090,
      "m": false
    },
    {
      "p": 2.489e-05,
      "q": 10777199,
      "s": "BONKUSDT",
      "T": 1752361998041,
      "m": false
    },
    {
      "p": 2.489e-05,
      "q": 317450435,
      "s": "BONKUSDT",
      "T": 1752361998012,
      "m": true
    },
    {
      "p": 2.489e-05,
      "q": 9204164,
      "s": "BONKUSDT",
      "T": 1752361998009,
      "m": true
    }
  ]
}