{
  "pair": "B-PEPE_USDT",
  "timestamp": "20250712_232344",
  "trades": [
    {
      "p": 1.218e-05,
      "q": 98385036,
      "s": "PEPEUSDT",
      "T": 1752362627323,
      "m": true
    },
    {
      "p": 1.219e-05,
      "q": 82034454,
      "s": "PEPEUSDT",
      "T": 1752362625563,
      "m": false
    },
    {
      "p": 1.218e-05,
      "q": 12264056,
      "s": "PEPEUSDT",
      "T": 1752362625358,
      "m": true
    },
    {
      "p": 1.218e-05,
      "q": 5622101,
      "s": "PEPEUSDT",
      "T": 1752362624216,
      "m": true
    },
    {
      "p": 1.219e-05,
      "q": 164139,
      "s": "PEPEUSDT",
      "T": 1752362623033,
      "m": false
    },
    {
      "p": 1.218e-05,
      "q": 34239251,
      "s": "PEPEUSDT",
      "T": 1752362622151,
      "m": false
    },
    {
      "p": 1.218e-05,
      "q": 6288602,
      "s": "PEPEUSDT",
      "T": 1752362622146,
      "m": false
    },
    {
      "p": 1.218e-05,
      "q": 117781876,
      "s": "PEPEUSDT",
      "T": 1752362622145,
      "m": false
    },
    {
      "p": 1.218e-05,
      "q": 360028096,
      "s": "PEPEUSDT",
      "T": 1752362622144,
      "m": false
    },
    {
      "p": 1.217e-05,
      "q": 5021737,
      "s": "PEPEUSDT",
      "T": 1752362616625,
      "m": true
    },
    {
      "p": 1.218e-05,
      "q": 108013,
      "s": "PEPEUSDT",
      "T": 1752362613071,
      "m": false
    },
    {
      "p": 1.218e-05,
      "q": 46517356,
      "s": "PEPEUSDT",
      "T": 1752362612365,
      "m": true
    },
    {
      "p": 1.218e-05,
      "q": 1442319,
      "s": "PEPEUSDT",
      "T": 1752362609867,
      "m": true
    },
    {
      "p": 1.219e-05,
      "q": 2461033,
      "s": "PEPEUSDT",
      "T": 1752362605530,
      "m": false
    },
    {
      "p": 1.218e-05,
      "q": 2096428,
      "s": "PEPEUSDT",
      "T": 1752362601700,
      "m": true
    },
    {
      "p": 1.219e-05,
      "q": 574241181,
      "s": "PEPEUSDT",
      "T": 1752362600659,
      "m": false
    },
    {
      "p": 1.218e-05,
      "q": 1133853,
      "s": "PEPEUSDT",
      "T": 1752362595931,
      "m": true
    },
    {
      "p": 1.218e-05,
      "q": 141440,
      "s": "PEPEUSDT",
      "T": 1752362588389,
      "m": true
    },
    {
      "p": 1.218e-05,
      "q": 40000000,
      "s": "PEPEUSDT",
      "T": 1752362588067,
      "m": true
    },
    {
      "p": 1.219e-05,
      "q": 25105333,
      "s": "PEPEUSDT",
      "T": 1752362585400,
      "m": false
    },
    {
      "p": 1.219e-05,
      "q": 1601503,
      "s": "PEPEUSDT",
      "T": 1752362585244,
      "m": false
    },
    {
      "p": 1.219e-05,
      "q": 164074555,
      "s": "PEPEUSDT",
      "T": 1752362585169,
      "m": false
    },
    {
      "p": 1.218e-05,
      "q": 6586026,
      "s": "PEPEUSDT",
      "T": 1752362584132,
      "m": true
    },
    {
      "p": 1.219e-05,
      "q": 153583212,
      "s": "PEPEUSDT",
      "T": 1752362582168,
      "m": true
    },
    {
      "p": 1.219e-05,
      "q": 224300000,
      "s": "PEPEUSDT",
      "T": 1752362582164,
      "m": true
    },
    {
      "p": 1.219e-05,
      "q": 44776660,
      "s": "PEPEUSDT",
      "T": 1752362582162,
      "m": true
    },
    {
      "p": 1.22e-05,
      "q": 5501465,
      "s": "PEPEUSDT",
      "T": 1752362579346,
      "m": false
    },
    {
      "p": 1.219e-05,
      "q": 1309790,
      "s": "PEPEUSDT",
      "T": 1752362577981,
      "m": true
    },
    {
      "p": 1.22e-05,
      "q": 14334674,
      "s": "PEPEUSDT",
      "T": 1752362577630,
      "m": false
    },
    {
      "p": 1.219e-05,
      "q": 105482,
      "s": "PEPEUSDT",
      "T": 1752362569088,
      "m": true
    },
    {
      "p": 1.219e-05,
      "q": 167329301,
      "s": "PEPEUSDT",
      "T": 1752362568440,
      "m": false
    },
    {
      "p": 1.219e-05,
      "q": 61522390,
      "s": "PEPEUSDT",
      "T": 1752362568439,
      "m": false
    },
    {
      "p": 1.219e-05,
      "q": 34298027,
      "s": "PEPEUSDT",
      "T": 1752362568438,
      "m": false
    },
    {
      "p": 1.219e-05,
      "q": 820344,
      "s": "PEPEUSDT",
      "T": 1752362565239,
      "m": false
    },
    {
      "p": 1.219e-05,
      "q": 26567469,
      "s": "PEPEUSDT",
      "T": 1752362554686,
      "m": false
    },
    {
      "p": 1.218e-05,
      "q": 7181334,
      "s": "PEPEUSDT",
      "T": 1752362550518,
      "m": true
    },
    {
      "p": 1.218e-05,
      "q": 235827722,
      "s": "PEPEUSDT",
      "T": 1752362547840,
      "m": true
    },
    {
      "p": 1.219e-05,
      "q": 2351748,
      "s": "PEPEUSDT",
      "T": 1752362546325,
      "m": false
    },
    {
      "p": 1.219e-05,
      "q": 769619,
      "s": "PEPEUSDT",
      "T": 1752362544393,
      "m": false
    },
    {
      "p": 1.218e-05,
      "q": 6200000,
      "s": "PEPEUSDT",
      "T": 1752362537217,
      "m": true
    },
    {
      "p": 1.219e-05,
      "q": 410172,
      "s": "PEPEUSDT",
      "T": 1752362529874,
      "m": false
    },
    {
      "p": 1.218e-05,
      "q": 164579902,
      "s": "PEPEUSDT",
      "T": 1752362528182,
      "m": true
    },
    {
      "p": 1.219e-05,
      "q": 5844584,
      "s": "PEPEUSDT",
      "T": 1752362527390,
      "m": false
    },
    {
      "p": 1.218e-05,
      "q": 47720744,
      "s": "PEPEUSDT",
      "T": 1752362524363,
      "m": true
    },
    {
      "p": 1.218e-05,
      "q": 12000000,
      "s": "PEPEUSDT",
      "T": 1752362524251,
      "m": true
    },
    {
      "p": 1.219e-05,
      "q": 61722822,
      "s": "PEPEUSDT",
      "T": 1752362522689,
      "m": false
    },
    {
      "p": 1.219e-05,
      "q": 61722822,
      "s": "PEPEUSDT",
      "T": 1752362521688,
      "m": false
    },
    {
      "p": 1.218e-05,
      "q": 852785,
      "s": "PEPEUSDT",
      "T": 1752362521101,
      "m": true
    },
    {
      "p": 1.218e-05,
      "q": 180424421,
      "s": "PEPEUSDT",
      "T": 1752362520021,
      "m": false
    },
    {
      "p": 1.218e-05,
      "q": 9540616,
      "s": "PEPEUSDT",
      "T": 1752362520014,
      "m": false
    }
  ]
}