{
  "pair": "B-ADA_USDT",
  "timestamp": "20250712_232344",
  "trades": [
    {
      "p": 0.7067,
      "q": 490,
      "s": "ADAUSDT",
      "T": 1752362631294,
      "m": false
    },
    {
      "p": 0.7066,
      "q": 375.7,
      "s": "ADAUSDT",
      "T": 1752362629911,
      "m": true
    },
    {
      "p": 0.7066,
      "q": 1015.3,
      "s": "ADAUSDT",
      "T": 1752362629868,
      "m": true
    },
    {
      "p": 0.7066,
      "q": 290.3,
      "s": "ADAUSDT",
      "T": 1752362629862,
      "m": true
    },
    {
      "p": 0.7066,
      "q": 707.3,
      "s": "ADAUSDT",
      "T": 1752362629860,
      "m": true
    },
    {
      "p": 0.7066,
      "q": 800,
      "s": "ADAUSDT",
      "T": 1752362629859,
      "m": true
    },
    {
      "p": 0.7067,
      "q": 1168.5,
      "s": "ADAUSDT",
      "T": 1752362629857,
      "m": true
    },
    {
      "p": 0.7068,
      "q": 1313,
      "s": "ADAUSDT",
      "T": 1752362629855,
      "m": true
    },
    {
      "p": 0.7069,
      "q": 104.3,
      "s": "ADAUSDT",
      "T": 1752362627325,
      "m": true
    },
    {
      "p": 0.7069,
      "q": 51,
      "s": "ADAUSDT",
      "T": 1752362625207,
      "m": false
    },
    {
      "p": 0.7068,
      "q": 164.4,
      "s": "ADAUSDT",
      "T": 1752362625204,
      "m": false
    },
    {
      "p": 0.7067,
      "q": 141.9,
      "s": "ADAUSDT",
      "T": 1752362612982,
      "m": true
    },
    {
      "p": 0.7068,
      "q": 7.1,
      "s": "ADAUSDT",
      "T": 1752362612322,
      "m": true
    },
    {
      "p": 0.7069,
      "q": 14.6,
      "s": "ADAUSDT",
      "T": 1752362610975,
      "m": true
    },
    {
      "p": 0.7069,
      "q": 14.6,
      "s": "ADAUSDT",
      "T": 1752362608508,
      "m": false
    },
    {
      "p": 0.7068,
      "q": 26.3,
      "s": "ADAUSDT",
      "T": 1752362607016,
      "m": true
    },
    {
      "p": 0.7069,
      "q": 35.3,
      "s": "ADAUSDT",
      "T": 1752362606897,
      "m": true
    },
    {
      "p": 0.707,
      "q": 168.6,
      "s": "ADAUSDT",
      "T": 1752362604178,
      "m": false
    },
    {
      "p": 0.7069,
      "q": 17.6,
      "s": "ADAUSDT",
      "T": 1752362602898,
      "m": true
    },
    {
      "p": 0.7069,
      "q": 47428.6,
      "s": "ADAUSDT",
      "T": 1752362598002,
      "m": false
    },
    {
      "p": 0.7068,
      "q": 14.1,
      "s": "ADAUSDT",
      "T": 1752362597625,
      "m": false
    },
    {
      "p": 0.7068,
      "q": 10,
      "s": "ADAUSDT",
      "T": 1752362591419,
      "m": false
    },
    {
      "p": 0.7067,
      "q": 14.6,
      "s": "ADAUSDT",
      "T": 1752362588418,
      "m": false
    },
    {
      "p": 0.7067,
      "q": 47,
      "s": "ADAUSDT",
      "T": 1752362588234,
      "m": true
    },
    {
      "p": 0.7068,
      "q": 7.1,
      "s": "ADAUSDT",
      "T": 1752362587328,
      "m": true
    },
    {
      "p": 0.7069,
      "q": 40.6,
      "s": "ADAUSDT",
      "T": 1752362586073,
      "m": true
    },
    {
      "p": 0.7069,
      "q": 27.8,
      "s": "ADAUSDT",
      "T": 1752362583384,
      "m": false
    },
    {
      "p": 0.7068,
      "q": 614.6,
      "s": "ADAUSDT",
      "T": 1752362583332,
      "m": false
    },
    {
      "p": 0.7068,
      "q": 32.7,
      "s": "ADAUSDT",
      "T": 1752362582354,
      "m": true
    },
    {
      "p": 0.7068,
      "q": 30,
      "s": "ADAUSDT",
      "T": 1752362582285,
      "m": true
    },
    {
      "p": 0.7069,
      "q": 1567.9,
      "s": "ADAUSDT",
      "T": 1752362582252,
      "m": true
    },
    {
      "p": 0.707,
      "q": 32,
      "s": "ADAUSDT",
      "T": 1752362582192,
      "m": true
    },
    {
      "p": 0.7071,
      "q": 155.5,
      "s": "ADAUSDT",
      "T": 1752362582155,
      "m": true
    },
    {
      "p": 0.7072,
      "q": 205,
      "s": "ADAUSDT",
      "T": 1752362576044,
      "m": false
    },
    {
      "p": 0.7072,
      "q": 112.4,
      "s": "ADAUSDT",
      "T": 1752362575538,
      "m": true
    },
    {
      "p": 0.7073,
      "q": 7.1,
      "s": "ADAUSDT",
      "T": 1752362574329,
      "m": true
    },
    {
      "p": 0.7073,
      "q": 22.4,
      "s": "ADAUSDT",
      "T": 1752362572708,
      "m": false
    },
    {
      "p": 0.7072,
      "q": 205.5,
      "s": "ADAUSDT",
      "T": 1752362571146,
      "m": true
    },
    {
      "p": 0.7072,
      "q": 35.5,
      "s": "ADAUSDT",
      "T": 1752362570284,
      "m": false
    },
    {
      "p": 0.7072,
      "q": 14.2,
      "s": "ADAUSDT",
      "T": 1752362563931,
      "m": false
    },
    {
      "p": 0.7071,
      "q": 29.2,
      "s": "ADAUSDT",
      "T": 1752362558349,
      "m": false
    },
    {
      "p": 0.707,
      "q": 2656.2,
      "s": "ADAUSDT",
      "T": 1752362558347,
      "m": false
    },
    {
      "p": 0.7069,
      "q": 28.2,
      "s": "ADAUSDT",
      "T": 1752362553701,
      "m": true
    },
    {
      "p": 0.7069,
      "q": 142.8,
      "s": "ADAUSDT",
      "T": 1752362550930,
      "m": true
    },
    {
      "p": 0.7069,
      "q": 22.4,
      "s": "ADAUSDT",
      "T": 1752362541108,
      "m": false
    },
    {
      "p": 0.7068,
      "q": 73.9,
      "s": "ADAUSDT",
      "T": 1752362540641,
      "m": true
    },
    {
      "p": 0.7068,
      "q": 12.6,
      "s": "ADAUSDT",
      "T": 1752362540016,
      "m": true
    },
    {
      "p": 0.7069,
      "q": 35.3,
      "s": "ADAUSDT",
      "T": 1752362539121,
      "m": false
    },
    {
      "p": 0.7068,
      "q": 43.7,
      "s": "ADAUSDT",
      "T": 1752362538409,
      "m": false
    },
    {
      "p": 0.7068,
      "q": 141.4,
      "s": "ADAUSDT",
      "T": 1752362534975,
      "m": false
    }
  ]
}