{
  "pair": "B-USDC_USDT",
  "timestamp": "20250712_231357",
  "trades": [
    {
      "p": 0.9997,
      "q": 399,
      "s": "USDCUSDT",
      "T": 1752362036811,
      "m": false
    },
    {
      "p": 0.9997,
      "q": 10,
      "s": "USDCUSDT",
      "T": 1752362035077,
      "m": false
    },
    {
      "p": 0.9996,
      "q": 24,
      "s": "USDCUSDT",
      "T": 1752362033830,
      "m": true
    },
    {
      "p": 0.9996,
      "q": 396,
      "s": "USDCUSDT",
      "T": 1752362033814,
      "m": true
    },
    {
      "p": 0.9997,
      "q": 200,
      "s": "USDCUSDT",
      "T": 1752362029566,
      "m": false
    },
    {
      "p": 0.9997,
      "q": 10,
      "s": "USDCUSDT",
      "T": 1752362028629,
      "m": false
    },
    {
      "p": 0.9997,
      "q": 209,
      "s": "USDCUSDT",
      "T": 1752362027393,
      "m": false
    },
    {
      "p": 0.9996,
      "q": 75,
      "s": "USDCUSDT",
      "T": 1752362026306,
      "m": true
    },
    {
      "p": 0.9996,
      "q": 28,
      "s": "USDCUSDT",
      "T": 1752362026303,
      "m": true
    },
    {
      "p": 0.9996,
      "q": 87,
      "s": "USDCUSDT",
      "T": 1752362024270,
      "m": true
    },
    {
      "p": 0.9996,
      "q": 28,
      "s": "USDCUSDT",
      "T": 1752362023385,
      "m": true
    },
    {
      "p": 0.9997,
      "q": 7,
      "s": "USDCUSDT",
      "T": 1752362023176,
      "m": false
    },
    {
      "p": 0.9997,
      "q": 12,
      "s": "USDCUSDT",
      "T": 1752362022042,
      "m": false
    },
    {
      "p": 0.9996,
      "q": 1016,
      "s": "USDCUSDT",
      "T": 1752362020878,
      "m": true
    },
    {
      "p": 0.9996,
      "q": 1566,
      "s": "USDCUSDT",
      "T": 1752362020127,
      "m": true
    },
    {
      "p": 0.9996,
      "q": 736,
      "s": "USDCUSDT",
      "T": 1752362020126,
      "m": true
    },
    {
      "p": 0.9997,
      "q": 82,
      "s": "USDCUSDT",
      "T": 1752362017685,
      "m": false
    },
    {
      "p": 0.9997,
      "q": 7582,
      "s": "USDCUSDT",
      "T": 1752362017676,
      "m": false
    },
    {
      "p": 0.9996,
      "q": 18,
      "s": "USDCUSDT",
      "T": 1752362016830,
      "m": true
    },
    {
      "p": 0.9996,
      "q": 28,
      "s": "USDCUSDT",
      "T": 1752362016483,
      "m": true
    },
    {
      "p": 0.9996,
      "q": 100,
      "s": "USDCUSDT",
      "T": 1752362016363,
      "m": true
    },
    {
      "p": 0.9996,
      "q": 28,
      "s": "USDCUSDT",
      "T": 1752362016215,
      "m": true
    },
    {
      "p": 0.9997,
      "q": 8,
      "s": "USDCUSDT",
      "T": 1752362015514,
      "m": false
    },
    {
      "p": 0.9997,
      "q": 100,
      "s": "USDCUSDT",
      "T": 1752362012987,
      "m": false
    },
    {
      "p": 0.9996,
      "q": 21,
      "s": "USDCUSDT",
      "T": 1752362012355,
      "m": true
    },
    {
      "p": 0.9996,
      "q": 28,
      "s": "USDCUSDT",
      "T": 1752362010545,
      "m": true
    },
    {
      "p": 0.9996,
      "q": 46,
      "s": "USDCUSDT",
      "T": 1752362006007,
      "m": true
    },
    {
      "p": 0.9996,
      "q": 28,
      "s": "USDCUSDT",
      "T": 1752362005690,
      "m": true
    },
    {
      "p": 0.9996,
      "q": 19,
      "s": "USDCUSDT",
      "T": 1752362004025,
      "m": true
    },
    {
      "p": 0.9996,
      "q": 87,
      "s": "USDCUSDT",
      "T": 1752362003779,
      "m": true
    },
    {
      "p": 0.9996,
      "q": 22,
      "s": "USDCUSDT",
      "T": 1752362000285,
      "m": true
    },
    {
      "p": 0.9997,
      "q": 8,
      "s": "USDCUSDT",
      "T": 1752361999245,
      "m": false
    },
    {
      "p": 0.9996,
      "q": 51,
      "s": "USDCUSDT",
      "T": 1752361998244,
      "m": true
    },
    {
      "p": 0.9997,
      "q": 19,
      "s": "USDCUSDT",
      "T": 1752361997824,
      "m": false
    },
    {
      "p": 0.9997,
      "q": 10,
      "s": "USDCUSDT",
      "T": 1752361997745,
      "m": false
    },
    {
      "p": 0.9997,
      "q": 120,
      "s": "USDCUSDT",
      "T": 1752361997682,
      "m": false
    },
    {
      "p": 0.9997,
      "q": 36,
      "s": "USDCUSDT",
      "T": 1752361997657,
      "m": false
    },
    {
      "p": 0.9996,
      "q": 121,
      "s": "USDCUSDT",
      "T": 1752361997586,
      "m": true
    },
    {
      "p": 0.9996,
      "q": 294,
      "s": "USDCUSDT",
      "T": 1752361997585,
      "m": true
    },
    {
      "p": 0.9996,
      "q": 7,
      "s": "USDCUSDT",
      "T": 1752361997584,
      "m": true
    },
    {
      "p": 0.9997,
      "q": 409,
      "s": "USDCUSDT",
      "T": 1752361997579,
      "m": false
    },
    {
      "p": 0.9997,
      "q": 7,
      "s": "USDCUSDT",
      "T": 1752361997576,
      "m": false
    },
    {
      "p": 0.9996,
      "q": 71,
      "s": "USDCUSDT",
      "T": 1752361995625,
      "m": true
    },
    {
      "p": 0.9997,
      "q": 51,
      "s": "USDCUSDT",
      "T": 1752361995052,
      "m": false
    },
    {
      "p": 0.9996,
      "q": 7,
      "s": "USDCUSDT",
      "T": 1752361993165,
      "m": true
    },
    {
      "p": 0.9997,
      "q": 9,
      "s": "USDCUSDT",
      "T": 1752361992759,
      "m": false
    },
    {
      "p": 0.9997,
      "q": 32,
      "s": "USDCUSDT",
      "T": 1752361991200,
      "m": false
    },
    {
      "p": 0.9996,
      "q": 100,
      "s": "USDCUSDT",
      "T": 1752361990650,
      "m": true
    },
    {
      "p": 0.9996,
      "q": 210000,
      "s": "USDCUSDT",
      "T": 1752361990414,
      "m": true
    },
    {
      "p": 0.9996,
      "q": 544,
      "s": "USDCUSDT",
      "T": 1752361989108,
      "m": true
    }
  ]
}