{
  "pair": "B-XLM_USDT",
  "timestamp": "20250712_232344",
  "trades": [
    {
      "p": 0.3946,
      "q": 28,
      "s": "XLMUSDT",
      "T": 1752362625309,
      "m": false
    },
    {
      "p": 0.3946,
      "q": 1620,
      "s": "XLMUSDT",
      "T": 1752362625299,
      "m": false
    },
    {
      "p": 0.3947,
      "q": 281,
      "s": "XLMUSDT",
      "T": 1752362620180,
      "m": false
    },
    {
      "p": 0.3946,
      "q": 14,
      "s": "XLMUSDT",
      "T": 1752362617637,
      "m": false
    },
    {
      "p": 0.3946,
      "q": 82,
      "s": "XLMUSDT",
      "T": 1752362617636,
      "m": false
    },
    {
      "p": 0.3945,
      "q": 28,
      "s": "XLMUSDT",
      "T": 1752362617432,
      "m": false
    },
    {
      "p": 0.3945,
      "q": 292,
      "s": "XLMUSDT",
      "T": 1752362617428,
      "m": false
    },
    {
      "p": 0.3945,
      "q": 143,
      "s": "XLMUSDT",
      "T": 1752362616648,
      "m": false
    },
    {
      "p": 0.3945,
      "q": 18,
      "s": "XLMUSDT",
      "T": 1752362615180,
      "m": false
    },
    {
      "p": 0.3944,
      "q": 28,
      "s": "XLMUSDT",
      "T": 1752362610618,
      "m": false
    },
    {
      "p": 0.3944,
      "q": 224,
      "s": "XLMUSDT",
      "T": 1752362610588,
      "m": false
    },
    {
      "p": 0.3943,
      "q": 5088,
      "s": "XLMUSDT",
      "T": 1752362610375,
      "m": false
    },
    {
      "p": 0.3945,
      "q": 50,
      "s": "XLMUSDT",
      "T": 1752362606503,
      "m": false
    },
    {
      "p": 0.3944,
      "q": 28,
      "s": "XLMUSDT",
      "T": 1752362606409,
      "m": false
    },
    {
      "p": 0.3944,
      "q": 109,
      "s": "XLMUSDT",
      "T": 1752362606370,
      "m": false
    },
    {
      "p": 0.3943,
      "q": 28,
      "s": "XLMUSDT",
      "T": 1752362604913,
      "m": false
    },
    {
      "p": 0.3943,
      "q": 42,
      "s": "XLMUSDT",
      "T": 1752362604903,
      "m": false
    },
    {
      "p": 0.3943,
      "q": 13331,
      "s": "XLMUSDT",
      "T": 1752362604890,
      "m": false
    },
    {
      "p": 0.3943,
      "q": 46,
      "s": "XLMUSDT",
      "T": 1752362603775,
      "m": false
    },
    {
      "p": 0.3943,
      "q": 14,
      "s": "XLMUSDT",
      "T": 1752362603532,
      "m": true
    },
    {
      "p": 0.3943,
      "q": 225,
      "s": "XLMUSDT",
      "T": 1752362603530,
      "m": true
    },
    {
      "p": 0.3944,
      "q": 7371,
      "s": "XLMUSDT",
      "T": 1752362603283,
      "m": true
    },
    {
      "p": 0.3945,
      "q": 2098,
      "s": "XLMUSDT",
      "T": 1752362602138,
      "m": false
    },
    {
      "p": 0.3945,
      "q": 56,
      "s": "XLMUSDT",
      "T": 1752362602073,
      "m": true
    },
    {
      "p": 0.3946,
      "q": 19,
      "s": "XLMUSDT",
      "T": 1752362600157,
      "m": true
    },
    {
      "p": 0.3947,
      "q": 5625,
      "s": "XLMUSDT",
      "T": 1752362600128,
      "m": true
    },
    {
      "p": 0.3947,
      "q": 232,
      "s": "XLMUSDT",
      "T": 1752362597758,
      "m": false
    },
    {
      "p": 0.3947,
      "q": 635,
      "s": "XLMUSDT",
      "T": 1752362593584,
      "m": false
    },
    {
      "p": 0.3946,
      "q": 28,
      "s": "XLMUSDT",
      "T": 1752362593354,
      "m": false
    },
    {
      "p": 0.3946,
      "q": 62,
      "s": "XLMUSDT",
      "T": 1752362593343,
      "m": false
    },
    {
      "p": 0.3945,
      "q": 560,
      "s": "XLMUSDT",
      "T": 1752362593274,
      "m": false
    },
    {
      "p": 0.3945,
      "q": 82,
      "s": "XLMUSDT",
      "T": 1752362592847,
      "m": true
    },
    {
      "p": 0.3946,
      "q": 42,
      "s": "XLMUSDT",
      "T": 1752362591047,
      "m": true
    },
    {
      "p": 0.3946,
      "q": 3239,
      "s": "XLMUSDT",
      "T": 1752362590712,
      "m": true
    },
    {
      "p": 0.3948,
      "q": 26,
      "s": "XLMUSDT",
      "T": 1752362590648,
      "m": true
    },
    {
      "p": 0.3949,
      "q": 3839,
      "s": "XLMUSDT",
      "T": 1752362590259,
      "m": true
    },
    {
      "p": 0.3949,
      "q": 907,
      "s": "XLMUSDT",
      "T": 1752362590165,
      "m": false
    },
    {
      "p": 0.3948,
      "q": 8128,
      "s": "XLMUSDT",
      "T": 1752362590155,
      "m": false
    },
    {
      "p": 0.3947,
      "q": 3771,
      "s": "XLMUSDT",
      "T": 1752362590150,
      "m": false
    },
    {
      "p": 0.3946,
      "q": 6702,
      "s": "XLMUSDT",
      "T": 1752362590066,
      "m": false
    },
    {
      "p": 0.3945,
      "q": 1999,
      "s": "XLMUSDT",
      "T": 1752362590050,
      "m": false
    },
    {
      "p": 0.3944,
      "q": 14,
      "s": "XLMUSDT",
      "T": 1752362590047,
      "m": false
    },
    {
      "p": 0.3944,
      "q": 10003,
      "s": "XLMUSDT",
      "T": 1752362590046,
      "m": false
    },
    {
      "p": 0.3944,
      "q": 42,
      "s": "XLMUSDT",
      "T": 1752362589453,
      "m": true
    },
    {
      "p": 0.3944,
      "q": 1669,
      "s": "XLMUSDT",
      "T": 1752362588650,
      "m": false
    },
    {
      "p": 0.3944,
      "q": 1239,
      "s": "XLMUSDT",
      "T": 1752362588547,
      "m": true
    },
    {
      "p": 0.3945,
      "q": 42,
      "s": "XLMUSDT",
      "T": 1752362588323,
      "m": true
    },
    {
      "p": 0.3945,
      "q": 96,
      "s": "XLMUSDT",
      "T": 1752362588245,
      "m": true
    },
    {
      "p": 0.3946,
      "q": 42,
      "s": "XLMUSDT",
      "T": 1752362587747,
      "m": true
    },
    {
      "p": 0.3946,
      "q": 115,
      "s": "XLMUSDT",
      "T": 1752362587278,
      "m": false
    }
  ]
}