{
  "pair": "I-SOL_INR",
  "timestamp": "20250712_233447",
  "trades": [
    {
      "p": 14118.9,
      "q": 0.088887,
      "s": "SOLINR",
      "T": 1752363101621.15,
      "m": false
    },
    {
      "p": 14122.6,
      "q": 0.014078,
      "s": "SOLINR",
      "T": 1752362793233.39,
      "m": false
    },
    {
      "p": 14127.7,
      "q": 0.014073,
      "s": "SOLINR",
      "T": 1752362771760.77,
      "m": false
    },
    {
      "p": 14127.93,
      "q": 0.014,
      "s": "SOLINR",
      "T": 1752362469579.18,
      "m": false
    },
    {
      "p": 14127.93,
      "q": 2.831271,
      "s": "SOLINR",
      "T": 1752362436482.01,
      "m": false
    },
    {
      "p": 14096.19,
      "q": 0.007114,
      "s": "SOLINR",
      "T": 1752361781497.04,
      "m": false
    },
    {
      "p": 14086.46,
      "q": 0.140312,
      "s": "SOLINR",
      "T": 1752361725377.49,
      "m": false
    },
    {
      "p": 14136.25,
      "q": 0.014148,
      "s": "SOLINR",
      "T": 1752361205300.6,
      "m": false
    },
    {
      "p": 14028.12,
      "q": 0.142,
      "s": "SOLINR",
      "T": 1752361059307.31,
      "m": true
    },
    {
      "p": 14120.87,
      "q": 0.141634,
      "s": "SOLINR",
      "T": 1752361056445.36,
      "m": false
    },
    {
      "p": 14001.01,
      "q": 0.01,
      "s": "SOLINR",
      "T": 1752360821617.55,
      "m": true
    },
    {
      "p": 14001.01,
      "q": 0.021,
      "s": "SOLINR",
      "T": 1752360779646.24,
      "m": true
    },
    {
      "p": 14111.97,
      "q": 0.007198,
      "s": "SOLINR",
      "T": 1752360769172.27,
      "m": false
    },
    {
      "p": 14113.14,
      "q": 0.014087,
      "s": "SOLINR",
      "T": 1752360488000,
      "m": false
    },
    {
      "p": 14019.59,
      "q": 0.12,
      "s": "SOLINR",
      "T": 1752360274346.6,
      "m": true
    },
    {
      "p": 14130.57,
      "q": 0.01407,
      "s": "SOLINR",
      "T": 1752360255328.79,
      "m": false
    },
    {
      "p": 14008.44,
      "q": 0.008,
      "s": "SOLINR",
      "T": 1752360163232.64,
      "m": true
    },
    {
      "p": 14125.6,
      "q": 0.00722,
      "s": "SOLINR",
      "T": 1752360144261.59,
      "m": false
    },
    {
      "p": 14129.28,
      "q": 0.070067,
      "s": "SOLINR",
      "T": 1752360124408.1,
      "m": false
    },
    {
      "p": 14018.95,
      "q": 0.071,
      "s": "SOLINR",
      "T": 1752359991728.87,
      "m": true
    },
    {
      "p": 14130.57,
      "q": 0.007614,
      "s": "SOLINR",
      "T": 1752359968877.75,
      "m": false
    },
    {
      "p": 14129.41,
      "q": 0.056619,
      "s": "SOLINR",
      "T": 1752359865497.69,
      "m": false
    },
    {
      "p": 14136.74,
      "q": 0.019452,
      "s": "SOLINR",
      "T": 1752359541855.59,
      "m": false
    },
    {
      "p": 14026.58,
      "q": 0.6,
      "s": "SOLINR",
      "T": 1752359523141.55,
      "m": true
    },
    {
      "p": 14011.89,
      "q": 0.128,
      "s": "SOLINR",
      "T": 1752359263646.5,
      "m": true
    },
    {
      "p": 14120.87,
      "q": 0.082157,
      "s": "SOLINR",
      "T": 1752359243668.26,
      "m": false
    },
    {
      "p": 14112.06,
      "q": 0.204785,
      "s": "SOLINR",
      "T": 1752359210843.44,
      "m": false
    },
    {
      "p": 13983.25,
      "q": 0.018,
      "s": "SOLINR",
      "T": 1752358809560.88,
      "m": true
    },
    {
      "p": 14094.43,
      "q": 0.120828,
      "s": "SOLINR",
      "T": 1752358683485.52,
      "m": false
    },
    {
      "p": 14102.37,
      "q": 0.049069,
      "s": "SOLINR",
      "T": 1752358644000,
      "m": false
    },
    {
      "p": 13999.2,
      "q": 0.121,
      "s": "SOLINR",
      "T": 1752358639495.91,
      "m": true
    },
    {
      "p": 14000,
      "q": 0.021,
      "s": "SOLINR",
      "T": 1752358639495.67,
      "m": true
    },
    {
      "p": 14110.27,
      "q": 0.01409,
      "s": "SOLINR",
      "T": 1752358621398.51,
      "m": false
    },
    {
      "p": 14118.22,
      "q": 0.035206,
      "s": "SOLINR",
      "T": 1752358554000,
      "m": false
    },
    {
      "p": 14125.56,
      "q": 0.014158,
      "s": "SOLINR",
      "T": 1752358518679.27,
      "m": false
    },
    {
      "p": 14125.56,
      "q": 0.070793,
      "s": "SOLINR",
      "T": 1752358518279.27,
      "m": false
    },
    {
      "p": 14125.58,
      "q": 0.035396,
      "s": "SOLINR",
      "T": 1752358428692.34,
      "m": false
    },
    {
      "p": 14125.6,
      "q": 0.400014,
      "s": "SOLINR",
      "T": 1752358416855.71,
      "m": false
    },
    {
      "p": 14118.24,
      "q": 0.07083,
      "s": "SOLINR",
      "T": 1752358286220.61,
      "m": false
    },
    {
      "p": 14119.27,
      "q": 0.2833,
      "s": "SOLINR",
      "T": 1752358181060.68,
      "m": false
    },
    {
      "p": 14126.16,
      "q": 0.007149,
      "s": "SOLINR",
      "T": 1752358104199.91,
      "m": false
    },
    {
      "p": 14117.98,
      "q": 0.120413,
      "s": "SOLINR",
      "T": 1752358083368.29,
      "m": false
    },
    {
      "p": 14100.19,
      "q": 0.0141,
      "s": "SOLINR",
      "T": 1752358023925.94,
      "m": false
    },
    {
      "p": 14024.68,
      "q": 0.351,
      "s": "SOLINR",
      "T": 1752357736617.87,
      "m": true
    },
    {
      "p": 14137.63,
      "q": 0.848798,
      "s": "SOLINR",
      "T": 1752357482000,
      "m": false
    },
    {
      "p": 14129.69,
      "q": 0.035315,
      "s": "SOLINR",
      "T": 1752357383969.17,
      "m": false
    },
    {
      "p": 14129.69,
      "q": 0.007035,
      "s": "SOLINR",
      "T": 1752357371098.26,
      "m": false
    },
    {
      "p": 14137.63,
      "q": 0.618915,
      "s": "SOLINR",
      "T": 1752357319895.16,
      "m": false
    },
    {
      "p": 14137.62,
      "q": 0.00716,
      "s": "SOLINR",
      "T": 1752357301291.84,
      "m": false
    },
    {
      "p": 14137.63,
      "q": 0.00736,
      "s": "SOLINR",
      "T": 1752357291041.77,
      "m": false
    }
  ]
}