{
  "pair": "I-USDT_INR",
  "timestamp": "20250712_232344",
  "trades": [
    {
      "p": 87.55,
      "q": 50.88,
      "s": "USDTINR",
      "T": 1752362630642.33,
      "m": false
    },
    {
      "p": 87.68,
      "q": 49.9,
      "s": "USDTINR",
      "T": 1752362624000,
      "m": false
    },
    {
      "p": 87.48,
      "q": 17.95,
      "s": "USDTINR",
      "T": 1752362622923.14,
      "m": false
    },
    {
      "p": 87.48,
      "q": 26.32,
      "s": "USDTINR",
      "T": 1752362622660.02,
      "m": true
    },
    {
      "p": 87.68,
      "q": 60.42,
      "s": "USDTINR",
      "T": 1752362615000,
      "m": true
    },
    {
      "p": 87.68,
      "q": 46.95,
      "s": "USDTINR",
      "T": 1752362614789.39,
      "m": false
    },
    {
      "p": 87.55,
      "q": 29.82,
      "s": "USDTINR",
      "T": 1752362609847.81,
      "m": false
    },
    {
      "p": 87.8,
      "q": 86.86,
      "s": "USDTINR",
      "T": 1752362605769.4,
      "m": false
    },
    {
      "p": 87.56,
      "q": 10.04,
      "s": "USDTINR",
      "T": 1752362588037.33,
      "m": true
    },
    {
      "p": 87.68,
      "q": 93.51,
      "s": "USDTINR",
      "T": 1752362575847.1,
      "m": false
    },
    {
      "p": 87.65,
      "q": 7.14,
      "s": "USDTINR",
      "T": 1752362572534.52,
      "m": false
    },
    {
      "p": 87.65,
      "q": 26.63,
      "s": "USDTINR",
      "T": 1752362570881.79,
      "m": true
    },
    {
      "p": 87.48,
      "q": 16.44,
      "s": "USDTINR",
      "T": 1752362563488.4,
      "m": false
    },
    {
      "p": 87.48,
      "q": 40.52,
      "s": "USDTINR",
      "T": 1752362561701.94,
      "m": true
    },
    {
      "p": 87.54,
      "q": 59.67,
      "s": "USDTINR",
      "T": 1752362557692.64,
      "m": false
    },
    {
      "p": 87.3,
      "q": 35.2,
      "s": "USDTINR",
      "T": 1752362550000,
      "m": true
    },
    {
      "p": 87.55,
      "q": 22.57,
      "s": "USDTINR",
      "T": 1752362549875.57,
      "m": false
    },
    {
      "p": 87.8,
      "q": 83.33,
      "s": "USDTINR",
      "T": 1752362545932.82,
      "m": false
    },
    {
      "p": 87.8,
      "q": 17.67,
      "s": "USDTINR",
      "T": 1752362542000,
      "m": false
    },
    {
      "p": 87.43,
      "q": 14.5,
      "s": "USDTINR",
      "T": 1752362540824.57,
      "m": false
    },
    {
      "p": 87.43,
      "q": 47.9,
      "s": "USDTINR",
      "T": 1752362535381.73,
      "m": false
    },
    {
      "p": 87.42,
      "q": 16.16,
      "s": "USDTINR",
      "T": 1752362531593.21,
      "m": false
    },
    {
      "p": 87.42,
      "q": 44.85,
      "s": "USDTINR",
      "T": 1752362531230.9,
      "m": false
    },
    {
      "p": 87.42,
      "q": 43.11,
      "s": "USDTINR",
      "T": 1752362530920.6,
      "m": false
    },
    {
      "p": 87.42,
      "q": 20.11,
      "s": "USDTINR",
      "T": 1752362530037.34,
      "m": true
    },
    {
      "p": 87.42,
      "q": 23.64,
      "s": "USDTINR",
      "T": 1752362529595.8,
      "m": true
    },
    {
      "p": 87.42,
      "q": 6.39,
      "s": "USDTINR",
      "T": 1752362529571.12,
      "m": false
    },
    {
      "p": 87.42,
      "q": 15.11,
      "s": "USDTINR",
      "T": 1752362528597.36,
      "m": false
    },
    {
      "p": 87.8,
      "q": 3.07,
      "s": "USDTINR",
      "T": 1752362518000,
      "m": false
    },
    {
      "p": 87.3,
      "q": 2.12,
      "s": "USDTINR",
      "T": 1752362517098.05,
      "m": true
    },
    {
      "p": 87.68,
      "q": 42.42,
      "s": "USDTINR",
      "T": 1752362512904.32,
      "m": false
    },
    {
      "p": 87.68,
      "q": 41.89,
      "s": "USDTINR",
      "T": 1752362507000,
      "m": true
    },
    {
      "p": 87.68,
      "q": 33.83,
      "s": "USDTINR",
      "T": 1752362506886.94,
      "m": true
    },
    {
      "p": 87.68,
      "q": 31.19,
      "s": "USDTINR",
      "T": 1752362503970,
      "m": false
    },
    {
      "p": 87.8,
      "q": 4.7,
      "s": "USDTINR",
      "T": 1752362500000,
      "m": false
    },
    {
      "p": 87.48,
      "q": 65.19,
      "s": "USDTINR",
      "T": 1752362499977.44,
      "m": true
    },
    {
      "p": 87.68,
      "q": 73.66,
      "s": "USDTINR",
      "T": 1752362494852.42,
      "m": false
    },
    {
      "p": 87.68,
      "q": 38.6,
      "s": "USDTINR",
      "T": 1752362486997.93,
      "m": false
    },
    {
      "p": 87.47,
      "q": 14.05,
      "s": "USDTINR",
      "T": 1752362480000,
      "m": false
    },
    {
      "p": 87.48,
      "q": 5,
      "s": "USDTINR",
      "T": 1752362477938.43,
      "m": true
    },
    {
      "p": 87.45,
      "q": 2.88,
      "s": "USDTINR",
      "T": 1752362472000,
      "m": false
    },
    {
      "p": 87.5,
      "q": 40.43,
      "s": "USDTINR",
      "T": 1752362464613.43,
      "m": false
    },
    {
      "p": 87.53,
      "q": 80.09,
      "s": "USDTINR",
      "T": 1752362455821.29,
      "m": false
    },
    {
      "p": 87.75,
      "q": 12.14,
      "s": "USDTINR",
      "T": 1752362455000,
      "m": false
    },
    {
      "p": 87.69,
      "q": 40.95,
      "s": "USDTINR",
      "T": 1752362443731.26,
      "m": false
    },
    {
      "p": 87.58,
      "q": 3.35,
      "s": "USDTINR",
      "T": 1752362440348.65,
      "m": false
    },
    {
      "p": 87.58,
      "q": 3.04,
      "s": "USDTINR",
      "T": 1752362440000,
      "m": false
    },
    {
      "p": 87.58,
      "q": 2.97,
      "s": "USDTINR",
      "T": 1752362436011.61,
      "m": true
    },
    {
      "p": 87.68,
      "q": 43.29,
      "s": "USDTINR",
      "T": 1752362432191.94,
      "m": false
    },
    {
      "p": 87.55,
      "q": 8.93,
      "s": "USDTINR",
      "T": 1752362428963.33,
      "m": false
    }
  ]
}