{
  "pair": "I-DOGE_INR",
  "timestamp": "20250712_233716",
  "trades": [
    {
      "p": 17.0823,
      "q": 7,
      "s": "DOGEINR",
      "T": 1752363398308.37,
      "m": true
    },
    {
      "p": 17.0667,
      "q": 38,
      "s": "DOGEINR",
      "T": 1752362710894.92,
      "m": true
    },
    {
      "p": 17.0589,
      "q": 12,
      "s": "DOGEINR",
      "T": 1752362665195.38,
      "m": true
    },
    {
      "p": 17.2109,
      "q": 539.999651,
      "s": "DOGEINR",
      "T": 1752362589990.61,
      "m": false
    },
    {
      "p": 17.2107,
      "q": 62.303331,
      "s": "DOGEINR",
      "T": 1752362550596.05,
      "m": false
    },
    {
      "p": 17.2106,
      "q": 33.858336,
      "s": "DOGEINR",
      "T": 1752362550595.94,
      "m": false
    },
    {
      "p": 17.2139,
      "q": 26.141664,
      "s": "DOGEINR",
      "T": 1752362324226.42,
      "m": false
    },
    {
      "p": 17.2373,
      "q": 86,
      "s": "DOGEINR",
      "T": 1752362278353.89,
      "m": false
    },
    {
      "p": 17.2813,
      "q": 199.799204,
      "s": "DOGEINR",
      "T": 1752362201572.59,
      "m": false
    },
    {
      "p": 17.1545,
      "q": 79.337783,
      "s": "DOGEINR",
      "T": 1752361863876.18,
      "m": false
    },
    {
      "p": 17.1706,
      "q": 215.489627,
      "s": "DOGEINR",
      "T": 1752361740698.87,
      "m": false
    },
    {
      "p": 17.1843,
      "q": 40.734856,
      "s": "DOGEINR",
      "T": 1752361545184.79,
      "m": false
    },
    {
      "p": 17.2143,
      "q": 19.999651,
      "s": "DOGEINR",
      "T": 1752361417737.04,
      "m": false
    },
    {
      "p": 17.2397,
      "q": 11.49962,
      "s": "DOGEINR",
      "T": 1752361285570.76,
      "m": false
    },
    {
      "p": 17.0913,
      "q": 19,
      "s": "DOGEINR",
      "T": 1752361204533.99,
      "m": true
    },
    {
      "p": 17.0863,
      "q": 29,
      "s": "DOGEINR",
      "T": 1752361147948.42,
      "m": true
    },
    {
      "p": 17.0819,
      "q": 31,
      "s": "DOGEINR",
      "T": 1752361101124.16,
      "m": true
    },
    {
      "p": 17.2222,
      "q": 5.999814,
      "s": "DOGEINR",
      "T": 1752361039969.58,
      "m": false
    },
    {
      "p": 17.2222,
      "q": 29.09036,
      "s": "DOGEINR",
      "T": 1752360922459.87,
      "m": false
    },
    {
      "p": 17.0665,
      "q": 64,
      "s": "DOGEINR",
      "T": 1752360849240.11,
      "m": true
    },
    {
      "p": 17.144,
      "q": 4.540134,
      "s": "DOGEINR",
      "T": 1752360738028.1,
      "m": false
    },
    {
      "p": 17.1869,
      "q": 1.409469,
      "s": "DOGEINR",
      "T": 1752360734708.04,
      "m": false
    },
    {
      "p": 17.144,
      "q": 15.048996,
      "s": "DOGEINR",
      "T": 1752360582250.31,
      "m": false
    },
    {
      "p": 17.0763,
      "q": 71,
      "s": "DOGEINR",
      "T": 1752360337148.44,
      "m": true
    },
    {
      "p": 17.144,
      "q": 11.665888,
      "s": "DOGEINR",
      "T": 1752360236982.21,
      "m": false
    },
    {
      "p": 17.0803,
      "q": 98,
      "s": "DOGEINR",
      "T": 1752360009462.1,
      "m": true
    },
    {
      "p": 17.0703,
      "q": 62,
      "s": "DOGEINR",
      "T": 1752359990104.32,
      "m": true
    },
    {
      "p": 17.144,
      "q": 98.995566,
      "s": "DOGEINR",
      "T": 1752359910093.89,
      "m": false
    },
    {
      "p": 17.0417,
      "q": 61,
      "s": "DOGEINR",
      "T": 1752359787376.11,
      "m": true
    },
    {
      "p": 17.0676,
      "q": 69,
      "s": "DOGEINR",
      "T": 1752359743352.61,
      "m": true
    },
    {
      "p": 17.1366,
      "q": 200,
      "s": "DOGEINR",
      "T": 1752359375627.16,
      "m": false
    },
    {
      "p": 17.1367,
      "q": 58.354292,
      "s": "DOGEINR",
      "T": 1752359068439.89,
      "m": false
    },
    {
      "p": 17,
      "q": 37,
      "s": "DOGEINR",
      "T": 1752358956492.24,
      "m": false
    },
    {
      "p": 17,
      "q": 93,
      "s": "DOGEINR",
      "T": 1752358956484.26,
      "m": false
    },
    {
      "p": 17.002,
      "q": 34,
      "s": "DOGEINR",
      "T": 1752358955390.97,
      "m": true
    },
    {
      "p": 17,
      "q": 50,
      "s": "DOGEINR",
      "T": 1752358955390.58,
      "m": true
    },
    {
      "p": 17.003,
      "q": 17.001059,
      "s": "DOGEINR",
      "T": 1752358944660.07,
      "m": false
    },
    {
      "p": 17.1264,
      "q": 12.405516,
      "s": "DOGEINR",
      "T": 1752358944000,
      "m": false
    },
    {
      "p": 17.003,
      "q": 5.998941,
      "s": "DOGEINR",
      "T": 1752358913950.85,
      "m": false
    },
    {
      "p": 17.0039,
      "q": 14,
      "s": "DOGEINR",
      "T": 1752358835267.78,
      "m": true
    },
    {
      "p": 17.1431,
      "q": 60.432477,
      "s": "DOGEINR",
      "T": 1752358720882.87,
      "m": false
    },
    {
      "p": 17.0039,
      "q": 88,
      "s": "DOGEINR",
      "T": 1752358447877.76,
      "m": true
    },
    {
      "p": 17.0039,
      "q": 35,
      "s": "DOGEINR",
      "T": 1752358400425.13,
      "m": true
    },
    {
      "p": 17.1438,
      "q": 17.499037,
      "s": "DOGEINR",
      "T": 1752357662641.83,
      "m": false
    },
    {
      "p": 17.0164,
      "q": 7,
      "s": "DOGEINR",
      "T": 1752357570468.09,
      "m": true
    },
    {
      "p": 17.0097,
      "q": 10,
      "s": "DOGEINR",
      "T": 1752357489644.8,
      "m": true
    },
    {
      "p": 17.0204,
      "q": 9,
      "s": "DOGEINR",
      "T": 1752357221304.25,
      "m": true
    },
    {
      "p": 17.0131,
      "q": 8,
      "s": "DOGEINR",
      "T": 1752356928475.72,
      "m": true
    },
    {
      "p": 17.0346,
      "q": 794,
      "s": "DOGEINR",
      "T": 1752356860734.73,
      "m": true
    },
    {
      "p": 17.0344,
      "q": 6,
      "s": "DOGEINR",
      "T": 1752356751212.4,
      "m": true
    }
  ]
}