{
  "pair": "B-TRX_USDT",
  "timestamp": "20250712_232344",
  "trades": [
    {
      "p": 0.3024,
      "q": 187.3,
      "s": "TRXUSDT",
      "T": 1752362628265,
      "m": true
    },
    {
      "p": 0.3025,
      "q": 1849.1,
      "s": "TRXUSDT",
      "T": 1752362624981,
      "m": false
    },
    {
      "p": 0.3025,
      "q": 9203.7,
      "s": "TRXUSDT",
      "T": 1752362622360,
      "m": false
    },
    {
      "p": 0.3025,
      "q": 19,
      "s": "TRXUSDT",
      "T": 1752362621826,
      "m": false
    },
    {
      "p": 0.3025,
      "q": 123.4,
      "s": "TRXUSDT",
      "T": 1752362621808,
      "m": false
    },
    {
      "p": 0.3024,
      "q": 142,
      "s": "TRXUSDT",
      "T": 1752362618719,
      "m": true
    },
    {
      "p": 0.3025,
      "q": 574.9,
      "s": "TRXUSDT",
      "T": 1752362612303,
      "m": false
    },
    {
      "p": 0.3025,
      "q": 3684,
      "s": "TRXUSDT",
      "T": 1752362612265,
      "m": false
    },
    {
      "p": 0.3025,
      "q": 21,
      "s": "TRXUSDT",
      "T": 1752362608579,
      "m": false
    },
    {
      "p": 0.3025,
      "q": 9754.5,
      "s": "TRXUSDT",
      "T": 1752362607663,
      "m": false
    },
    {
      "p": 0.3025,
      "q": 120,
      "s": "TRXUSDT",
      "T": 1752362607625,
      "m": false
    },
    {
      "p": 0.3025,
      "q": 35,
      "s": "TRXUSDT",
      "T": 1752362606883,
      "m": false
    },
    {
      "p": 0.3024,
      "q": 3132,
      "s": "TRXUSDT",
      "T": 1752362606302,
      "m": true
    },
    {
      "p": 0.3025,
      "q": 251,
      "s": "TRXUSDT",
      "T": 1752362604859,
      "m": false
    },
    {
      "p": 0.3025,
      "q": 509,
      "s": "TRXUSDT",
      "T": 1752362604384,
      "m": false
    },
    {
      "p": 0.3025,
      "q": 415,
      "s": "TRXUSDT",
      "T": 1752362603982,
      "m": false
    },
    {
      "p": 0.3025,
      "q": 265,
      "s": "TRXUSDT",
      "T": 1752362603729,
      "m": false
    },
    {
      "p": 0.3025,
      "q": 1238,
      "s": "TRXUSDT",
      "T": 1752362602684,
      "m": false
    },
    {
      "p": 0.3025,
      "q": 1147,
      "s": "TRXUSDT",
      "T": 1752362602205,
      "m": false
    },
    {
      "p": 0.3025,
      "q": 49.2,
      "s": "TRXUSDT",
      "T": 1752362599148,
      "m": false
    },
    {
      "p": 0.3024,
      "q": 490.2,
      "s": "TRXUSDT",
      "T": 1752362599007,
      "m": true
    },
    {
      "p": 0.3025,
      "q": 1151,
      "s": "TRXUSDT",
      "T": 1752362598277,
      "m": false
    },
    {
      "p": 0.3025,
      "q": 92,
      "s": "TRXUSDT",
      "T": 1752362597791,
      "m": false
    },
    {
      "p": 0.3025,
      "q": 1866,
      "s": "TRXUSDT",
      "T": 1752362597229,
      "m": false
    },
    {
      "p": 0.3025,
      "q": 1652,
      "s": "TRXUSDT",
      "T": 1752362597223,
      "m": false
    },
    {
      "p": 0.3025,
      "q": 660,
      "s": "TRXUSDT",
      "T": 1752362597221,
      "m": false
    },
    {
      "p": 0.3025,
      "q": 39.8,
      "s": "TRXUSDT",
      "T": 1752362595710,
      "m": false
    },
    {
      "p": 0.3025,
      "q": 93,
      "s": "TRXUSDT",
      "T": 1752362594706,
      "m": false
    },
    {
      "p": 0.3025,
      "q": 200.2,
      "s": "TRXUSDT",
      "T": 1752362593504,
      "m": false
    },
    {
      "p": 0.3025,
      "q": 21,
      "s": "TRXUSDT",
      "T": 1752362592645,
      "m": false
    },
    {
      "p": 0.3025,
      "q": 81,
      "s": "TRXUSDT",
      "T": 1752362592352,
      "m": false
    },
    {
      "p": 0.3025,
      "q": 37,
      "s": "TRXUSDT",
      "T": 1752362590781,
      "m": false
    },
    {
      "p": 0.3025,
      "q": 1398,
      "s": "TRXUSDT",
      "T": 1752362590524,
      "m": false
    },
    {
      "p": 0.3025,
      "q": 393.3,
      "s": "TRXUSDT",
      "T": 1752362588983,
      "m": false
    },
    {
      "p": 0.3024,
      "q": 33.1,
      "s": "TRXUSDT",
      "T": 1752362587882,
      "m": true
    },
    {
      "p": 0.3025,
      "q": 89,
      "s": "TRXUSDT",
      "T": 1752362587168,
      "m": false
    },
    {
      "p": 0.3024,
      "q": 595.8,
      "s": "TRXUSDT",
      "T": 1752362584386,
      "m": true
    },
    {
      "p": 0.3025,
      "q": 9912,
      "s": "TRXUSDT",
      "T": 1752362583365,
      "m": false
    },
    {
      "p": 0.3025,
      "q": 1652,
      "s": "TRXUSDT",
      "T": 1752362583352,
      "m": false
    },
    {
      "p": 0.3025,
      "q": 1652,
      "s": "TRXUSDT",
      "T": 1752362583351,
      "m": false
    },
    {
      "p": 0.3025,
      "q": 918,
      "s": "TRXUSDT",
      "T": 1752362583350,
      "m": false
    },
    {
      "p": 0.3025,
      "q": 1569,
      "s": "TRXUSDT",
      "T": 1752362582923,
      "m": false
    },
    {
      "p": 0.3025,
      "q": 1076.2,
      "s": "TRXUSDT",
      "T": 1752362582920,
      "m": false
    },
    {
      "p": 0.3025,
      "q": 70.1,
      "s": "TRXUSDT",
      "T": 1752362582283,
      "m": false
    },
    {
      "p": 0.3025,
      "q": 1652,
      "s": "TRXUSDT",
      "T": 1752362581548,
      "m": false
    },
    {
      "p": 0.3025,
      "q": 734,
      "s": "TRXUSDT",
      "T": 1752362581547,
      "m": false
    },
    {
      "p": 0.3025,
      "q": 660,
      "s": "TRXUSDT",
      "T": 1752362579710,
      "m": false
    },
    {
      "p": 0.3025,
      "q": 9268,
      "s": "TRXUSDT",
      "T": 1752362579630,
      "m": false
    },
    {
      "p": 0.3025,
      "q": 456.7,
      "s": "TRXUSDT",
      "T": 1752362576617,
      "m": false
    },
    {
      "p": 0.3025,
      "q": 495.8,
      "s": "TRXUSDT",
      "T": 1752362576355,
      "m": false
    }
  ]
}