{
  "pair": "B-XRP_USDT",
  "timestamp": "20250712_232344",
  "trades": [
    {
      "p": 2.7386,
      "q": 16,
      "s": "XRPUSDT",
      "T": 1752362625318,
      "m": false
    },
    {
      "p": 2.7385,
      "q": 14.1,
      "s": "XRPUSDT",
      "T": 1752362625239,
      "m": false
    },
    {
      "p": 2.7384,
      "q": 7.3,
      "s": "XRPUSDT",
      "T": 1752362624629,
      "m": true
    },
    {
      "p": 2.7384,
      "q": 14.1,
      "s": "XRPUSDT",
      "T": 1752362624188,
      "m": false
    },
    {
      "p": 2.7383,
      "q": 529.2,
      "s": "XRPUSDT",
      "T": 1752362624144,
      "m": false
    },
    {
      "p": 2.7382,
      "q": 1296.9,
      "s": "XRPUSDT",
      "T": 1752362624143,
      "m": false
    },
    {
      "p": 2.7381,
      "q": 4125.2,
      "s": "XRPUSDT",
      "T": 1752362624141,
      "m": false
    },
    {
      "p": 2.7381,
      "q": 100,
      "s": "XRPUSDT",
      "T": 1752362623876,
      "m": false
    },
    {
      "p": 2.738,
      "q": 3.8,
      "s": "XRPUSDT",
      "T": 1752362621015,
      "m": true
    },
    {
      "p": 2.7381,
      "q": 3.3,
      "s": "XRPUSDT",
      "T": 1752362620050,
      "m": false
    },
    {
      "p": 2.7381,
      "q": 2.6,
      "s": "XRPUSDT",
      "T": 1752362619686,
      "m": false
    },
    {
      "p": 2.7381,
      "q": 14.3,
      "s": "XRPUSDT",
      "T": 1752362618827,
      "m": false
    },
    {
      "p": 2.738,
      "q": 107,
      "s": "XRPUSDT",
      "T": 1752362617029,
      "m": true
    },
    {
      "p": 2.738,
      "q": 8.5,
      "s": "XRPUSDT",
      "T": 1752362616992,
      "m": true
    },
    {
      "p": 2.7381,
      "q": 67,
      "s": "XRPUSDT",
      "T": 1752362615174,
      "m": false
    },
    {
      "p": 2.738,
      "q": 55.1,
      "s": "XRPUSDT",
      "T": 1752362612988,
      "m": true
    },
    {
      "p": 2.7381,
      "q": 972.4,
      "s": "XRPUSDT",
      "T": 1752362612724,
      "m": false
    },
    {
      "p": 2.738,
      "q": 10,
      "s": "XRPUSDT",
      "T": 1752362612722,
      "m": false
    },
    {
      "p": 2.738,
      "q": 162,
      "s": "XRPUSDT",
      "T": 1752362612719,
      "m": false
    },
    {
      "p": 2.7379,
      "q": 1874.7,
      "s": "XRPUSDT",
      "T": 1752362612692,
      "m": false
    },
    {
      "p": 2.7379,
      "q": 38.4,
      "s": "XRPUSDT",
      "T": 1752362612419,
      "m": true
    },
    {
      "p": 2.7383,
      "q": 5.9,
      "s": "XRPUSDT",
      "T": 1752362612359,
      "m": true
    },
    {
      "p": 2.7383,
      "q": 550.9,
      "s": "XRPUSDT",
      "T": 1752362612358,
      "m": true
    },
    {
      "p": 2.7383,
      "q": 645.5,
      "s": "XRPUSDT",
      "T": 1752362612355,
      "m": true
    },
    {
      "p": 2.7383,
      "q": 200,
      "s": "XRPUSDT",
      "T": 1752362612340,
      "m": true
    },
    {
      "p": 2.7385,
      "q": 1345.8,
      "s": "XRPUSDT",
      "T": 1752362612339,
      "m": true
    },
    {
      "p": 2.7386,
      "q": 1284.9,
      "s": "XRPUSDT",
      "T": 1752362612338,
      "m": true
    },
    {
      "p": 2.7386,
      "q": 500,
      "s": "XRPUSDT",
      "T": 1752362610758,
      "m": true
    },
    {
      "p": 2.7387,
      "q": 69.8,
      "s": "XRPUSDT",
      "T": 1752362609318,
      "m": false
    },
    {
      "p": 2.7387,
      "q": 2.3,
      "s": "XRPUSDT",
      "T": 1752362608382,
      "m": false
    },
    {
      "p": 2.7386,
      "q": 43.7,
      "s": "XRPUSDT",
      "T": 1752362607315,
      "m": true
    },
    {
      "p": 2.7387,
      "q": 909.4,
      "s": "XRPUSDT",
      "T": 1752362607199,
      "m": true
    },
    {
      "p": 2.7387,
      "q": 46.3,
      "s": "XRPUSDT",
      "T": 1752362606575,
      "m": true
    },
    {
      "p": 2.7387,
      "q": 300.7,
      "s": "XRPUSDT",
      "T": 1752362604488,
      "m": true
    },
    {
      "p": 2.7387,
      "q": 25.7,
      "s": "XRPUSDT",
      "T": 1752362602694,
      "m": true
    },
    {
      "p": 2.7387,
      "q": 4.1,
      "s": "XRPUSDT",
      "T": 1752362602444,
      "m": true
    },
    {
      "p": 2.7387,
      "q": 24.3,
      "s": "XRPUSDT",
      "T": 1752362598837,
      "m": true
    },
    {
      "p": 2.7387,
      "q": 282.3,
      "s": "XRPUSDT",
      "T": 1752362598773,
      "m": true
    },
    {
      "p": 2.7387,
      "q": 383.4,
      "s": "XRPUSDT",
      "T": 1752362598592,
      "m": true
    },
    {
      "p": 2.7388,
      "q": 52.8,
      "s": "XRPUSDT",
      "T": 1752362596480,
      "m": false
    },
    {
      "p": 2.7388,
      "q": 1225.2,
      "s": "XRPUSDT",
      "T": 1752362595819,
      "m": false
    },
    {
      "p": 2.7387,
      "q": 227.5,
      "s": "XRPUSDT",
      "T": 1752362595800,
      "m": false
    },
    {
      "p": 2.7387,
      "q": 515.5,
      "s": "XRPUSDT",
      "T": 1752362595799,
      "m": false
    },
    {
      "p": 2.7386,
      "q": 12.6,
      "s": "XRPUSDT",
      "T": 1752362595798,
      "m": false
    },
    {
      "p": 2.7383,
      "q": 428.7,
      "s": "XRPUSDT",
      "T": 1752362595011,
      "m": true
    },
    {
      "p": 2.7384,
      "q": 1460.4,
      "s": "XRPUSDT",
      "T": 1752362594392,
      "m": false
    },
    {
      "p": 2.7383,
      "q": 80,
      "s": "XRPUSDT",
      "T": 1752362593064,
      "m": true
    },
    {
      "p": 2.7384,
      "q": 10,
      "s": "XRPUSDT",
      "T": 1752362592904,
      "m": false
    },
    {
      "p": 2.7383,
      "q": 12,
      "s": "XRPUSDT",
      "T": 1752362590418,
      "m": false
    },
    {
      "p": 2.7382,
      "q": 10,
      "s": "XRPUSDT",
      "T": 1752362590233,
      "m": false
    }
  ]
}