{
  "pair": "B-BONK_USDT",
  "timestamp": "20250712_232344",
  "trades": [
    {
      "p": 2.486e-05,
      "q": 832177,
      "s": "BONKUSDT",
      "T": 1752362629342,
      "m": true
    },
    {
      "p": 2.486e-05,
      "q": 252241,
      "s": "BONKUSDT",
      "T": 1752362629331,
      "m": true
    },
    {
      "p": 2.486e-05,
      "q": 169394,
      "s": "BONKUSDT",
      "T": 1752362629320,
      "m": true
    },
    {
      "p": 2.486e-05,
      "q": 4710158,
      "s": "BONKUSDT",
      "T": 1752362629308,
      "m": true
    },
    {
      "p": 2.486e-05,
      "q": 169394,
      "s": "BONKUSDT",
      "T": 1752362629296,
      "m": true
    },
    {
      "p": 2.486e-05,
      "q": 169394,
      "s": "BONKUSDT",
      "T": 1752362629283,
      "m": true
    },
    {
      "p": 2.486e-05,
      "q": 376513,
      "s": "BONKUSDT",
      "T": 1752362629240,
      "m": true
    },
    {
      "p": 2.486e-05,
      "q": 4646074,
      "s": "BONKUSDT",
      "T": 1752362629225,
      "m": true
    },
    {
      "p": 2.487e-05,
      "q": 899688,
      "s": "BONKUSDT",
      "T": 1752362628975,
      "m": false
    },
    {
      "p": 2.486e-05,
      "q": 2637607,
      "s": "BONKUSDT",
      "T": 1752362628764,
      "m": true
    },
    {
      "p": 2.486e-05,
      "q": 2346425,
      "s": "BONKUSDT",
      "T": 1752362628756,
      "m": true
    },
    {
      "p": 2.486e-05,
      "q": 2322211,
      "s": "BONKUSDT",
      "T": 1752362628281,
      "m": true
    },
    {
      "p": 2.486e-05,
      "q": 2537448,
      "s": "BONKUSDT",
      "T": 1752362628263,
      "m": true
    },
    {
      "p": 2.486e-05,
      "q": 2042038,
      "s": "BONKUSDT",
      "T": 1752362627965,
      "m": true
    },
    {
      "p": 2.486e-05,
      "q": 2289094,
      "s": "BONKUSDT",
      "T": 1752362627584,
      "m": true
    },
    {
      "p": 2.486e-05,
      "q": 42468,
      "s": "BONKUSDT",
      "T": 1752362627578,
      "m": false
    },
    {
      "p": 2.486e-05,
      "q": 36372440,
      "s": "BONKUSDT",
      "T": 1752362627577,
      "m": false
    },
    {
      "p": 2.486e-05,
      "q": 2989323,
      "s": "BONKUSDT",
      "T": 1752362627572,
      "m": false
    },
    {
      "p": 2.485e-05,
      "q": 1676710,
      "s": "BONKUSDT",
      "T": 1752362627465,
      "m": true
    },
    {
      "p": 2.485e-05,
      "q": 1502898,
      "s": "BONKUSDT",
      "T": 1752362627177,
      "m": true
    },
    {
      "p": 2.485e-05,
      "q": 3747197,
      "s": "BONKUSDT",
      "T": 1752362626136,
      "m": false
    },
    {
      "p": 2.484e-05,
      "q": 84765,
      "s": "BONKUSDT",
      "T": 1752362625204,
      "m": false
    },
    {
      "p": 2.484e-05,
      "q": 3334700,
      "s": "BONKUSDT",
      "T": 1752362625203,
      "m": false
    },
    {
      "p": 2.483e-05,
      "q": 254295,
      "s": "BONKUSDT",
      "T": 1752362618728,
      "m": false
    },
    {
      "p": 2.483e-05,
      "q": 34779688,
      "s": "BONKUSDT",
      "T": 1752362618637,
      "m": false
    },
    {
      "p": 2.483e-05,
      "q": 3302895,
      "s": "BONKUSDT",
      "T": 1752362615380,
      "m": false
    },
    {
      "p": 2.482e-05,
      "q": 19369998,
      "s": "BONKUSDT",
      "T": 1752362615377,
      "m": false
    },
    {
      "p": 2.481e-05,
      "q": 668590,
      "s": "BONKUSDT",
      "T": 1752362614436,
      "m": false
    },
    {
      "p": 2.481e-05,
      "q": 19369998,
      "s": "BONKUSDT",
      "T": 1752362614428,
      "m": false
    },
    {
      "p": 2.481e-05,
      "q": 242000,
      "s": "BONKUSDT",
      "T": 1752362614342,
      "m": false
    },
    {
      "p": 2.48e-05,
      "q": 572117383,
      "s": "BONKUSDT",
      "T": 1752362614340,
      "m": true
    },
    {
      "p": 2.482e-05,
      "q": 140366798,
      "s": "BONKUSDT",
      "T": 1752362614262,
      "m": true
    },
    {
      "p": 2.482e-05,
      "q": 42000000,
      "s": "BONKUSDT",
      "T": 1752362614260,
      "m": true
    },
    {
      "p": 2.482e-05,
      "q": 4320601,
      "s": "BONKUSDT",
      "T": 1752362614259,
      "m": true
    },
    {
      "p": 2.482e-05,
      "q": 169060000,
      "s": "BONKUSDT",
      "T": 1752362614257,
      "m": true
    },
    {
      "p": 2.482e-05,
      "q": 186851,
      "s": "BONKUSDT",
      "T": 1752362613118,
      "m": true
    },
    {
      "p": 2.482e-05,
      "q": 7122909,
      "s": "BONKUSDT",
      "T": 1752362612990,
      "m": true
    },
    {
      "p": 2.483e-05,
      "q": 169496,
      "s": "BONKUSDT",
      "T": 1752362608491,
      "m": true
    },
    {
      "p": 2.483e-05,
      "q": 169496,
      "s": "BONKUSDT",
      "T": 1752362608470,
      "m": true
    },
    {
      "p": 2.483e-05,
      "q": 418334,
      "s": "BONKUSDT",
      "T": 1752362608454,
      "m": true
    },
    {
      "p": 2.483e-05,
      "q": 169496,
      "s": "BONKUSDT",
      "T": 1752362608429,
      "m": true
    },
    {
      "p": 2.483e-05,
      "q": 169496,
      "s": "BONKUSDT",
      "T": 1752362608402,
      "m": true
    },
    {
      "p": 2.483e-05,
      "q": 169496,
      "s": "BONKUSDT",
      "T": 1752362608389,
      "m": true
    },
    {
      "p": 2.483e-05,
      "q": 169479,
      "s": "BONKUSDT",
      "T": 1752362608375,
      "m": true
    },
    {
      "p": 2.483e-05,
      "q": 4508452,
      "s": "BONKUSDT",
      "T": 1752362608369,
      "m": true
    },
    {
      "p": 2.484e-05,
      "q": 169428,
      "s": "BONKUSDT",
      "T": 1752362607824,
      "m": true
    },
    {
      "p": 2.484e-05,
      "q": 3911089,
      "s": "BONKUSDT",
      "T": 1752362607813,
      "m": true
    },
    {
      "p": 2.485e-05,
      "q": 585619,
      "s": "BONKUSDT",
      "T": 1752362605928,
      "m": true
    },
    {
      "p": 2.485e-05,
      "q": 2078827,
      "s": "BONKUSDT",
      "T": 1752362605747,
      "m": true
    },
    {
      "p": 2.486e-05,
      "q": 254091,
      "s": "BONKUSDT",
      "T": 1752362605328,
      "m": true
    }
  ]
}