{
  "pair": "B-PENGU_USDT",
  "timestamp": "20250712_232344",
  "trades": [
    {
      "p": 0.023627,
      "q": 15274,
      "s": "PENGUUSDT",
      "T": 1752362631670,
      "m": true
    },
    {
      "p": 0.023627,
      "q": 7608,
      "s": "PENGUUSDT",
      "T": 1752362631669,
      "m": true
    },
    {
      "p": 0.02363,
      "q": 84,
      "s": "PENGUUSDT",
      "T": 1752362629667,
      "m": false
    },
    {
      "p": 0.02364,
      "q": 7497,
      "s": "PENGUUSDT",
      "T": 1752362626312,
      "m": true
    },
    {
      "p": 0.023643,
      "q": 423,
      "s": "PENGUUSDT",
      "T": 1752362626311,
      "m": true
    },
    {
      "p": 0.023643,
      "q": 4195,
      "s": "PENGUUSDT",
      "T": 1752362625679,
      "m": true
    },
    {
      "p": 0.023643,
      "q": 2881,
      "s": "PENGUUSDT",
      "T": 1752362625624,
      "m": true
    },
    {
      "p": 0.023644,
      "q": 8459,
      "s": "PENGUUSDT",
      "T": 1752362625623,
      "m": true
    },
    {
      "p": 0.023645,
      "q": 43,
      "s": "PENGUUSDT",
      "T": 1752362625615,
      "m": true
    },
    {
      "p": 0.023646,
      "q": 1805,
      "s": "PENGUUSDT",
      "T": 1752362625563,
      "m": false
    },
    {
      "p": 0.023645,
      "q": 28111,
      "s": "PENGUUSDT",
      "T": 1752362625561,
      "m": false
    },
    {
      "p": 0.023645,
      "q": 2825,
      "s": "PENGUUSDT",
      "T": 1752362625559,
      "m": false
    },
    {
      "p": 0.023644,
      "q": 469,
      "s": "PENGUUSDT",
      "T": 1752362625517,
      "m": false
    },
    {
      "p": 0.023643,
      "q": 422,
      "s": "PENGUUSDT",
      "T": 1752362625513,
      "m": false
    },
    {
      "p": 0.023642,
      "q": 3380,
      "s": "PENGUUSDT",
      "T": 1752362625246,
      "m": true
    },
    {
      "p": 0.023642,
      "q": 422,
      "s": "PENGUUSDT",
      "T": 1752362625209,
      "m": false
    },
    {
      "p": 0.023639,
      "q": 423,
      "s": "PENGUUSDT",
      "T": 1752362622878,
      "m": false
    },
    {
      "p": 0.023636,
      "q": 2495,
      "s": "PENGUUSDT",
      "T": 1752362622053,
      "m": false
    },
    {
      "p": 0.023631,
      "q": 3824,
      "s": "PENGUUSDT",
      "T": 1752362622052,
      "m": false
    },
    {
      "p": 0.023624,
      "q": 34213,
      "s": "PENGUUSDT",
      "T": 1752362619646,
      "m": false
    },
    {
      "p": 0.023622,
      "q": 423,
      "s": "PENGUUSDT",
      "T": 1752362619545,
      "m": true
    },
    {
      "p": 0.023624,
      "q": 423,
      "s": "PENGUUSDT",
      "T": 1752362619544,
      "m": true
    },
    {
      "p": 0.023625,
      "q": 423,
      "s": "PENGUUSDT",
      "T": 1752362619542,
      "m": true
    },
    {
      "p": 0.023629,
      "q": 3902,
      "s": "PENGUUSDT",
      "T": 1752362616634,
      "m": true
    },
    {
      "p": 0.023629,
      "q": 3721,
      "s": "PENGUUSDT",
      "T": 1752362614683,
      "m": false
    },
    {
      "p": 0.023627,
      "q": 64,
      "s": "PENGUUSDT",
      "T": 1752362614585,
      "m": false
    },
    {
      "p": 0.023625,
      "q": 12522,
      "s": "PENGUUSDT",
      "T": 1752362614580,
      "m": false
    },
    {
      "p": 0.023624,
      "q": 7229,
      "s": "PENGUUSDT",
      "T": 1752362614579,
      "m": false
    },
    {
      "p": 0.023622,
      "q": 13105,
      "s": "PENGUUSDT",
      "T": 1752362614578,
      "m": false
    },
    {
      "p": 0.023621,
      "q": 487,
      "s": "PENGUUSDT",
      "T": 1752362614531,
      "m": false
    },
    {
      "p": 0.023617,
      "q": 1287,
      "s": "PENGUUSDT",
      "T": 1752362614522,
      "m": false
    },
    {
      "p": 0.023617,
      "q": 6933,
      "s": "PENGUUSDT",
      "T": 1752362612979,
      "m": true
    },
    {
      "p": 0.023618,
      "q": 469,
      "s": "PENGUUSDT",
      "T": 1752362612455,
      "m": true
    },
    {
      "p": 0.023619,
      "q": 423,
      "s": "PENGUUSDT",
      "T": 1752362612453,
      "m": true
    },
    {
      "p": 0.02362,
      "q": 14,
      "s": "PENGUUSDT",
      "T": 1752362612451,
      "m": true
    },
    {
      "p": 0.02362,
      "q": 456,
      "s": "PENGUUSDT",
      "T": 1752362612012,
      "m": true
    },
    {
      "p": 0.023623,
      "q": 423,
      "s": "PENGUUSDT",
      "T": 1752362610901,
      "m": true
    },
    {
      "p": 0.023625,
      "q": 2180,
      "s": "PENGUUSDT",
      "T": 1752362610900,
      "m": true
    },
    {
      "p": 0.023626,
      "q": 1868,
      "s": "PENGUUSDT",
      "T": 1752362610897,
      "m": true
    },
    {
      "p": 0.023627,
      "q": 2227,
      "s": "PENGUUSDT",
      "T": 1752362610896,
      "m": true
    },
    {
      "p": 0.023627,
      "q": 486,
      "s": "PENGUUSDT",
      "T": 1752362609210,
      "m": false
    },
    {
      "p": 0.023624,
      "q": 423,
      "s": "PENGUUSDT",
      "T": 1752362609209,
      "m": false
    },
    {
      "p": 0.023621,
      "q": 11110,
      "s": "PENGUUSDT",
      "T": 1752362607408,
      "m": false
    },
    {
      "p": 0.023622,
      "q": 47,
      "s": "PENGUUSDT",
      "T": 1752362606933,
      "m": true
    },
    {
      "p": 0.023623,
      "q": 422,
      "s": "PENGUUSDT",
      "T": 1752362606876,
      "m": true
    },
    {
      "p": 0.023624,
      "q": 47,
      "s": "PENGUUSDT",
      "T": 1752362606525,
      "m": true
    },
    {
      "p": 0.023625,
      "q": 66824,
      "s": "PENGUUSDT",
      "T": 1752362606523,
      "m": true
    },
    {
      "p": 0.023625,
      "q": 14187,
      "s": "PENGUUSDT",
      "T": 1752362606522,
      "m": true
    },
    {
      "p": 0.023626,
      "q": 4398,
      "s": "PENGUUSDT",
      "T": 1752362606521,
      "m": true
    },
    {
      "p": 0.023627,
      "q": 13229,
      "s": "PENGUUSDT",
      "T": 1752362606513,
      "m": true
    }
  ]
}