{
  "pair": "B-ADA_USDT",
  "timestamp": "20250712_231357",
  "trades": [
    {
      "p": 0.7041,
      "q": 7.2,
      "s": "ADAUSDT",
      "T": 1752362038964,
      "m": true
    },
    {
      "p": 0.7041,
      "q": 14.2,
      "s": "ADAUSDT",
      "T": 1752362038339,
      "m": true
    },
    {
      "p": 0.7041,
      "q": 16.6,
      "s": "ADAUSDT",
      "T": 1752362037899,
      "m": false
    },
    {
      "p": 0.7041,
      "q": 7.2,
      "s": "ADAUSDT",
      "T": 1752362035504,
      "m": true
    },
    {
      "p": 0.7041,
      "q": 27.1,
      "s": "ADAUSDT",
      "T": 1752362034490,
      "m": true
    },
    {
      "p": 0.7041,
      "q": 48.3,
      "s": "ADAUSDT",
      "T": 1752362034284,
      "m": false
    },
    {
      "p": 0.704,
      "q": 142.4,
      "s": "ADAUSDT",
      "T": 1752362033749,
      "m": false
    },
    {
      "p": 0.704,
      "q": 7.2,
      "s": "ADAUSDT",
      "T": 1752362032885,
      "m": true
    },
    {
      "p": 0.704,
      "q": 74.3,
      "s": "ADAUSDT",
      "T": 1752362028352,
      "m": true
    },
    {
      "p": 0.704,
      "q": 32.2,
      "s": "ADAUSDT",
      "T": 1752362023554,
      "m": false
    },
    {
      "p": 0.7039,
      "q": 530.1,
      "s": "ADAUSDT",
      "T": 1752362023532,
      "m": false
    },
    {
      "p": 0.7039,
      "q": 6098.1,
      "s": "ADAUSDT",
      "T": 1752362014664,
      "m": false
    },
    {
      "p": 0.7039,
      "q": 21.5,
      "s": "ADAUSDT",
      "T": 1752362014153,
      "m": true
    },
    {
      "p": 0.704,
      "q": 29,
      "s": "ADAUSDT",
      "T": 1752362013893,
      "m": true
    },
    {
      "p": 0.7041,
      "q": 14.7,
      "s": "ADAUSDT",
      "T": 1752362012245,
      "m": true
    },
    {
      "p": 0.7041,
      "q": 47.5,
      "s": "ADAUSDT",
      "T": 1752362012031,
      "m": false
    },
    {
      "p": 0.704,
      "q": 453.3,
      "s": "ADAUSDT",
      "T": 1752362011790,
      "m": false
    },
    {
      "p": 0.704,
      "q": 9,
      "s": "ADAUSDT",
      "T": 1752362008000,
      "m": false
    },
    {
      "p": 0.7039,
      "q": 44.2,
      "s": "ADAUSDT",
      "T": 1752362000635,
      "m": false
    },
    {
      "p": 0.7038,
      "q": 33.3,
      "s": "ADAUSDT",
      "T": 1752361997775,
      "m": false
    },
    {
      "p": 0.7037,
      "q": 39.7,
      "s": "ADAUSDT",
      "T": 1752361997713,
      "m": false
    },
    {
      "p": 0.7036,
      "q": 7.2,
      "s": "ADAUSDT",
      "T": 1752361997609,
      "m": false
    },
    {
      "p": 0.7036,
      "q": 176.8,
      "s": "ADAUSDT",
      "T": 1752361996084,
      "m": true
    },
    {
      "p": 0.7036,
      "q": 549.4,
      "s": "ADAUSDT",
      "T": 1752361995621,
      "m": true
    },
    {
      "p": 0.7037,
      "q": 9,
      "s": "ADAUSDT",
      "T": 1752361995377,
      "m": false
    },
    {
      "p": 0.7037,
      "q": 7.2,
      "s": "ADAUSDT",
      "T": 1752361995134,
      "m": true
    },
    {
      "p": 0.7037,
      "q": 2462.3,
      "s": "ADAUSDT",
      "T": 1752361993954,
      "m": false
    },
    {
      "p": 0.7036,
      "q": 88.5,
      "s": "ADAUSDT",
      "T": 1752361992564,
      "m": false
    },
    {
      "p": 0.7036,
      "q": 27.5,
      "s": "ADAUSDT",
      "T": 1752361986469,
      "m": true
    },
    {
      "p": 0.7037,
      "q": 14.9,
      "s": "ADAUSDT",
      "T": 1752361981068,
      "m": false
    },
    {
      "p": 0.7036,
      "q": 19.5,
      "s": "ADAUSDT",
      "T": 1752361977084,
      "m": true
    },
    {
      "p": 0.7037,
      "q": 20.1,
      "s": "ADAUSDT",
      "T": 1752361972449,
      "m": false
    },
    {
      "p": 0.7037,
      "q": 432.2,
      "s": "ADAUSDT",
      "T": 1752361963997,
      "m": false
    },
    {
      "p": 0.7037,
      "q": 3.6,
      "s": "ADAUSDT",
      "T": 1752361961919,
      "m": true
    },
    {
      "p": 0.7037,
      "q": 11.1,
      "s": "ADAUSDT",
      "T": 1752361958014,
      "m": true
    },
    {
      "p": 0.7037,
      "q": 553.4,
      "s": "ADAUSDT",
      "T": 1752361954361,
      "m": true
    },
    {
      "p": 0.7038,
      "q": 7.2,
      "s": "ADAUSDT",
      "T": 1752361953575,
      "m": true
    },
    {
      "p": 0.7038,
      "q": 14.7,
      "s": "ADAUSDT",
      "T": 1752361950308,
      "m": false
    },
    {
      "p": 0.7037,
      "q": 7.2,
      "s": "ADAUSDT",
      "T": 1752361949837,
      "m": false
    },
    {
      "p": 0.7037,
      "q": 40.1,
      "s": "ADAUSDT",
      "T": 1752361949032,
      "m": true
    },
    {
      "p": 0.7038,
      "q": 9,
      "s": "ADAUSDT",
      "T": 1752361947980,
      "m": false
    },
    {
      "p": 0.7037,
      "q": 50,
      "s": "ADAUSDT",
      "T": 1752361947686,
      "m": true
    },
    {
      "p": 0.7038,
      "q": 32.2,
      "s": "ADAUSDT",
      "T": 1752361947103,
      "m": true
    },
    {
      "p": 0.7039,
      "q": 29,
      "s": "ADAUSDT",
      "T": 1752361947074,
      "m": true
    },
    {
      "p": 0.704,
      "q": 7.2,
      "s": "ADAUSDT",
      "T": 1752361946764,
      "m": true
    },
    {
      "p": 0.704,
      "q": 105,
      "s": "ADAUSDT",
      "T": 1752361946408,
      "m": true
    },
    {
      "p": 0.704,
      "q": 36.6,
      "s": "ADAUSDT",
      "T": 1752361945273,
      "m": false
    },
    {
      "p": 0.704,
      "q": 49.6,
      "s": "ADAUSDT",
      "T": 1752361945075,
      "m": false
    },
    {
      "p": 0.7039,
      "q": 56.1,
      "s": "ADAUSDT",
      "T": 1752361941671,
      "m": false
    },
    {
      "p": 0.7038,
      "q": 524.2,
      "s": "ADAUSDT",
      "T": 1752361941570,
      "m": false
    }
  ]
}