{
  "pair": "B-KNC_USDT",
  "timestamp": "20250712_232344",
  "trades": [
    {
      "p": 0.6199,
      "q": 200.6,
      "s": "KNCUSDT",
      "T": 1752362630863,
      "m": false
    },
    {
      "p": 0.6198,
      "q": 293.4,
      "s": "KNCUSDT",
      "T": 1752362630860,
      "m": false
    },
    {
      "p": 0.6191,
      "q": 142.3,
      "s": "KNCUSDT",
      "T": 1752362626374,
      "m": false
    },
    {
      "p": 0.6198,
      "q": 1007.5,
      "s": "KNCUSDT",
      "T": 1752362624453,
      "m": true
    },
    {
      "p": 0.6207,
      "q": 817.8,
      "s": "KNCUSDT",
      "T": 1752362623725,
      "m": true
    },
    {
      "p": 0.6208,
      "q": 8.9,
      "s": "KNCUSDT",
      "T": 1752362623632,
      "m": false
    },
    {
      "p": 0.6206,
      "q": 0.4,
      "s": "KNCUSDT",
      "T": 1752362623630,
      "m": false
    },
    {
      "p": 0.6204,
      "q": 8.1,
      "s": "KNCUSDT",
      "T": 1752362623550,
      "m": false
    },
    {
      "p": 0.6203,
      "q": 817.8,
      "s": "KNCUSDT",
      "T": 1752362623540,
      "m": true
    },
    {
      "p": 0.6202,
      "q": 8.9,
      "s": "KNCUSDT",
      "T": 1752362623527,
      "m": false
    },
    {
      "p": 0.6201,
      "q": 12.4,
      "s": "KNCUSDT",
      "T": 1752362623459,
      "m": false
    },
    {
      "p": 0.62,
      "q": 89.7,
      "s": "KNCUSDT",
      "T": 1752362623455,
      "m": false
    },
    {
      "p": 0.6197,
      "q": 801.6,
      "s": "KNCUSDT",
      "T": 1752362623421,
      "m": true
    },
    {
      "p": 0.6197,
      "q": 16.2,
      "s": "KNCUSDT",
      "T": 1752362623418,
      "m": true
    },
    {
      "p": 0.6197,
      "q": 817.8,
      "s": "KNCUSDT",
      "T": 1752362623415,
      "m": true
    },
    {
      "p": 0.6198,
      "q": 179.6,
      "s": "KNCUSDT",
      "T": 1752362623351,
      "m": false
    },
    {
      "p": 0.6194,
      "q": 0.4,
      "s": "KNCUSDT",
      "T": 1752362623350,
      "m": false
    },
    {
      "p": 0.6192,
      "q": 8.9,
      "s": "KNCUSDT",
      "T": 1752362623348,
      "m": false
    },
    {
      "p": 0.6191,
      "q": 24.5,
      "s": "KNCUSDT",
      "T": 1752362623242,
      "m": false
    },
    {
      "p": 0.6191,
      "q": 15.8,
      "s": "KNCUSDT",
      "T": 1752362623241,
      "m": false
    },
    {
      "p": 0.619,
      "q": 8.9,
      "s": "KNCUSDT",
      "T": 1752362623191,
      "m": false
    },
    {
      "p": 0.6184,
      "q": 48.4,
      "s": "KNCUSDT",
      "T": 1752362623149,
      "m": false
    },
    {
      "p": 0.6184,
      "q": 8.9,
      "s": "KNCUSDT",
      "T": 1752362622885,
      "m": true
    },
    {
      "p": 0.6185,
      "q": 54.5,
      "s": "KNCUSDT",
      "T": 1752362621639,
      "m": true
    },
    {
      "p": 0.6185,
      "q": 21.9,
      "s": "KNCUSDT",
      "T": 1752362619030,
      "m": false
    },
    {
      "p": 0.6185,
      "q": 26.5,
      "s": "KNCUSDT",
      "T": 1752362619029,
      "m": false
    },
    {
      "p": 0.6191,
      "q": 16.1,
      "s": "KNCUSDT",
      "T": 1752362616804,
      "m": false
    },
    {
      "p": 0.6187,
      "q": 107.4,
      "s": "KNCUSDT",
      "T": 1752362615834,
      "m": true
    },
    {
      "p": 0.6186,
      "q": 1.8,
      "s": "KNCUSDT",
      "T": 1752362615204,
      "m": true
    },
    {
      "p": 0.6193,
      "q": 42.4,
      "s": "KNCUSDT",
      "T": 1752362614447,
      "m": false
    },
    {
      "p": 0.6188,
      "q": 323.1,
      "s": "KNCUSDT",
      "T": 1752362614060,
      "m": false
    },
    {
      "p": 0.6187,
      "q": 198.6,
      "s": "KNCUSDT",
      "T": 1752362613987,
      "m": false
    },
    {
      "p": 0.6185,
      "q": 69.5,
      "s": "KNCUSDT",
      "T": 1752362613339,
      "m": true
    },
    {
      "p": 0.6187,
      "q": 16.2,
      "s": "KNCUSDT",
      "T": 1752362612327,
      "m": true
    },
    {
      "p": 0.6191,
      "q": 35.3,
      "s": "KNCUSDT",
      "T": 1752362610362,
      "m": false
    },
    {
      "p": 0.619,
      "q": 10.2,
      "s": "KNCUSDT",
      "T": 1752362610316,
      "m": false
    },
    {
      "p": 0.6184,
      "q": 16.1,
      "s": "KNCUSDT",
      "T": 1752362610219,
      "m": true
    },
    {
      "p": 0.6184,
      "q": 47.6,
      "s": "KNCUSDT",
      "T": 1752362610205,
      "m": true
    },
    {
      "p": 0.6184,
      "q": 666.4,
      "s": "KNCUSDT",
      "T": 1752362610146,
      "m": false
    },
    {
      "p": 0.6184,
      "q": 30.7,
      "s": "KNCUSDT",
      "T": 1752362610089,
      "m": true
    },
    {
      "p": 0.6184,
      "q": 31.7,
      "s": "KNCUSDT",
      "T": 1752362609977,
      "m": true
    },
    {
      "p": 0.619,
      "q": 242.2,
      "s": "KNCUSDT",
      "T": 1752362609508,
      "m": false
    },
    {
      "p": 0.6191,
      "q": 267.4,
      "s": "KNCUSDT",
      "T": 1752362608940,
      "m": true
    },
    {
      "p": 0.6191,
      "q": 33.5,
      "s": "KNCUSDT",
      "T": 1752362608938,
      "m": false
    },
    {
      "p": 0.619,
      "q": 275.6,
      "s": "KNCUSDT",
      "T": 1752362608262,
      "m": false
    },
    {
      "p": 0.6188,
      "q": 560.4,
      "s": "KNCUSDT",
      "T": 1752362608257,
      "m": false
    },
    {
      "p": 0.6186,
      "q": 242.4,
      "s": "KNCUSDT",
      "T": 1752362608255,
      "m": false
    },
    {
      "p": 0.6183,
      "q": 89.8,
      "s": "KNCUSDT",
      "T": 1752362608078,
      "m": false
    },
    {
      "p": 0.6183,
      "q": 76.4,
      "s": "KNCUSDT",
      "T": 1752362607965,
      "m": true
    },
    {
      "p": 0.6184,
      "q": 14.8,
      "s": "KNCUSDT",
      "T": 1752362607489,
      "m": true
    }
  ]
}