{
  "pair": "B-XRP_USDT",
  "timestamp": "20250712_231357",
  "trades": [
    {
      "p": 2.7251,
      "q": 55,
      "s": "XRPUSDT",
      "T": 1752362031549,
      "m": true
    },
    {
      "p": 2.7252,
      "q": 100,
      "s": "XRPUSDT",
      "T": 1752362031536,
      "m": false
    },
    {
      "p": 2.7252,
      "q": 2.2,
      "s": "XRPUSDT",
      "T": 1752362029686,
      "m": false
    },
    {
      "p": 2.7251,
      "q": 10,
      "s": "XRPUSDT",
      "T": 1752362029226,
      "m": true
    },
    {
      "p": 2.7251,
      "q": 591,
      "s": "XRPUSDT",
      "T": 1752362028482,
      "m": true
    },
    {
      "p": 2.7251,
      "q": 5.2,
      "s": "XRPUSDT",
      "T": 1752362027850,
      "m": true
    },
    {
      "p": 2.7251,
      "q": 13,
      "s": "XRPUSDT",
      "T": 1752362027107,
      "m": true
    },
    {
      "p": 2.7251,
      "q": 9173.9,
      "s": "XRPUSDT",
      "T": 1752362026659,
      "m": true
    },
    {
      "p": 2.7251,
      "q": 5,
      "s": "XRPUSDT",
      "T": 1752362025975,
      "m": true
    },
    {
      "p": 2.7252,
      "q": 405.3,
      "s": "XRPUSDT",
      "T": 1752362025634,
      "m": false
    },
    {
      "p": 2.7252,
      "q": 38.3,
      "s": "XRPUSDT",
      "T": 1752362023820,
      "m": true
    },
    {
      "p": 2.7252,
      "q": 19.5,
      "s": "XRPUSDT",
      "T": 1752362023642,
      "m": false
    },
    {
      "p": 2.7251,
      "q": 183.4,
      "s": "XRPUSDT",
      "T": 1752362023596,
      "m": false
    },
    {
      "p": 2.7249,
      "q": 17.6,
      "s": "XRPUSDT",
      "T": 1752362023595,
      "m": false
    },
    {
      "p": 2.7248,
      "q": 25.4,
      "s": "XRPUSDT",
      "T": 1752362023591,
      "m": false
    },
    {
      "p": 2.7247,
      "q": 15.7,
      "s": "XRPUSDT",
      "T": 1752362023590,
      "m": false
    },
    {
      "p": 2.7247,
      "q": 9.9,
      "s": "XRPUSDT",
      "T": 1752362023549,
      "m": false
    },
    {
      "p": 2.7247,
      "q": 2,
      "s": "XRPUSDT",
      "T": 1752362023547,
      "m": false
    },
    {
      "p": 2.7247,
      "q": 5.9,
      "s": "XRPUSDT",
      "T": 1752362023543,
      "m": false
    },
    {
      "p": 2.7247,
      "q": 21.3,
      "s": "XRPUSDT",
      "T": 1752362023538,
      "m": false
    },
    {
      "p": 2.7246,
      "q": 111.3,
      "s": "XRPUSDT",
      "T": 1752362023525,
      "m": false
    },
    {
      "p": 2.7245,
      "q": 5,
      "s": "XRPUSDT",
      "T": 1752362020226,
      "m": true
    },
    {
      "p": 2.7246,
      "q": 2.8,
      "s": "XRPUSDT",
      "T": 1752362018884,
      "m": false
    },
    {
      "p": 2.7245,
      "q": 225,
      "s": "XRPUSDT",
      "T": 1752362018175,
      "m": true
    },
    {
      "p": 2.7245,
      "q": 18.3,
      "s": "XRPUSDT",
      "T": 1752362016854,
      "m": true
    },
    {
      "p": 2.7246,
      "q": 18.1,
      "s": "XRPUSDT",
      "T": 1752362015937,
      "m": true
    },
    {
      "p": 2.7247,
      "q": 10,
      "s": "XRPUSDT",
      "T": 1752362015719,
      "m": true
    },
    {
      "p": 2.7247,
      "q": 49.9,
      "s": "XRPUSDT",
      "T": 1752362014769,
      "m": true
    },
    {
      "p": 2.7248,
      "q": 12,
      "s": "XRPUSDT",
      "T": 1752362014618,
      "m": true
    },
    {
      "p": 2.7249,
      "q": 12.2,
      "s": "XRPUSDT",
      "T": 1752362014158,
      "m": true
    },
    {
      "p": 2.7249,
      "q": 491,
      "s": "XRPUSDT",
      "T": 1752362014157,
      "m": true
    },
    {
      "p": 2.7249,
      "q": 3,
      "s": "XRPUSDT",
      "T": 1752362012826,
      "m": true
    },
    {
      "p": 2.725,
      "q": 17.7,
      "s": "XRPUSDT",
      "T": 1752362012618,
      "m": true
    },
    {
      "p": 2.7251,
      "q": 17.7,
      "s": "XRPUSDT",
      "T": 1752362012370,
      "m": true
    },
    {
      "p": 2.7252,
      "q": 14,
      "s": "XRPUSDT",
      "T": 1752362012314,
      "m": true
    },
    {
      "p": 2.7253,
      "q": 54.9,
      "s": "XRPUSDT",
      "T": 1752362012207,
      "m": true
    },
    {
      "p": 2.7254,
      "q": 381.2,
      "s": "XRPUSDT",
      "T": 1752362012081,
      "m": true
    },
    {
      "p": 2.7255,
      "q": 2,
      "s": "XRPUSDT",
      "T": 1752362012079,
      "m": true
    },
    {
      "p": 2.7255,
      "q": 22.6,
      "s": "XRPUSDT",
      "T": 1752362012018,
      "m": false
    },
    {
      "p": 2.7253,
      "q": 23.5,
      "s": "XRPUSDT",
      "T": 1752362011998,
      "m": false
    },
    {
      "p": 2.7252,
      "q": 5.9,
      "s": "XRPUSDT",
      "T": 1752362011974,
      "m": false
    },
    {
      "p": 2.7252,
      "q": 9.8,
      "s": "XRPUSDT",
      "T": 1752362011973,
      "m": false
    },
    {
      "p": 2.7252,
      "q": 11.3,
      "s": "XRPUSDT",
      "T": 1752362011967,
      "m": false
    },
    {
      "p": 2.7252,
      "q": 6.2,
      "s": "XRPUSDT",
      "T": 1752362011961,
      "m": false
    },
    {
      "p": 2.7251,
      "q": 10,
      "s": "XRPUSDT",
      "T": 1752362011959,
      "m": false
    },
    {
      "p": 2.7251,
      "q": 5.7,
      "s": "XRPUSDT",
      "T": 1752362011957,
      "m": false
    },
    {
      "p": 2.7251,
      "q": 15.9,
      "s": "XRPUSDT",
      "T": 1752362011955,
      "m": false
    },
    {
      "p": 2.725,
      "q": 1343.6,
      "s": "XRPUSDT",
      "T": 1752362011949,
      "m": false
    },
    {
      "p": 2.725,
      "q": 177.4,
      "s": "XRPUSDT",
      "T": 1752362011807,
      "m": false
    },
    {
      "p": 2.7249,
      "q": 209.6,
      "s": "XRPUSDT",
      "T": 1752362011789,
      "m": false
    }
  ]
}