{
  "pair": "B-PEPE_USDT",
  "timestamp": "20250712_231357",
  "trades": [
    {
      "p": 1.213e-05,
      "q": 292891,
      "s": "PEPEUSDT",
      "T": 1752362034819,
      "m": true
    },
    {
      "p": 1.213e-05,
      "q": 6688157,
      "s": "PEPEUSDT",
      "T": 1752362031861,
      "m": true
    },
    {
      "p": 1.213e-05,
      "q": 6200000,
      "s": "PEPEUSDT",
      "T": 1752362030863,
      "m": true
    },
    {
      "p": 1.213e-05,
      "q": 730097,
      "s": "PEPEUSDT",
      "T": 1752362026078,
      "m": true
    },
    {
      "p": 1.213e-05,
      "q": 600000000,
      "s": "PEPEUSDT",
      "T": 1752362024260,
      "m": true
    },
    {
      "p": 1.213e-05,
      "q": 6200000,
      "s": "PEPEUSDT",
      "T": 1752362023843,
      "m": true
    },
    {
      "p": 1.213e-05,
      "q": 253365227,
      "s": "PEPEUSDT",
      "T": 1752362021475,
      "m": true
    },
    {
      "p": 1.213e-05,
      "q": 1588486,
      "s": "PEPEUSDT",
      "T": 1752362018756,
      "m": true
    },
    {
      "p": 1.213e-05,
      "q": 268240797,
      "s": "PEPEUSDT",
      "T": 1752362018454,
      "m": true
    },
    {
      "p": 1.214e-05,
      "q": 247807,
      "s": "PEPEUSDT",
      "T": 1752362013089,
      "m": false
    },
    {
      "p": 1.213e-05,
      "q": 526359,
      "s": "PEPEUSDT",
      "T": 1752362007537,
      "m": true
    },
    {
      "p": 1.214e-05,
      "q": 4396360,
      "s": "PEPEUSDT",
      "T": 1752362006335,
      "m": false
    },
    {
      "p": 1.213e-05,
      "q": 65425130,
      "s": "PEPEUSDT",
      "T": 1752361997597,
      "m": false
    },
    {
      "p": 1.213e-05,
      "q": 90684,
      "s": "PEPEUSDT",
      "T": 1752361992013,
      "m": false
    },
    {
      "p": 1.212e-05,
      "q": 744838,
      "s": "PEPEUSDT",
      "T": 1752361988328,
      "m": true
    },
    {
      "p": 1.212e-05,
      "q": 1897972,
      "s": "PEPEUSDT",
      "T": 1752361977214,
      "m": true
    },
    {
      "p": 1.212e-05,
      "q": 1210719,
      "s": "PEPEUSDT",
      "T": 1752361976941,
      "m": true
    },
    {
      "p": 1.212e-05,
      "q": 4613093,
      "s": "PEPEUSDT",
      "T": 1752361975476,
      "m": true
    },
    {
      "p": 1.213e-05,
      "q": 185075428,
      "s": "PEPEUSDT",
      "T": 1752361974751,
      "m": true
    },
    {
      "p": 1.213e-05,
      "q": 6200000,
      "s": "PEPEUSDT",
      "T": 1752361971072,
      "m": true
    },
    {
      "p": 1.213e-05,
      "q": 142681,
      "s": "PEPEUSDT",
      "T": 1752361970088,
      "m": true
    },
    {
      "p": 1.214e-05,
      "q": 8230452,
      "s": "PEPEUSDT",
      "T": 1752361968846,
      "m": false
    },
    {
      "p": 1.213e-05,
      "q": 7571572,
      "s": "PEPEUSDT",
      "T": 1752361967132,
      "m": false
    },
    {
      "p": 1.213e-05,
      "q": 24691358,
      "s": "PEPEUSDT",
      "T": 1752361960010,
      "m": false
    },
    {
      "p": 1.213e-05,
      "q": 170735465,
      "s": "PEPEUSDT",
      "T": 1752361959145,
      "m": true
    },
    {
      "p": 1.213e-05,
      "q": 308580,
      "s": "PEPEUSDT",
      "T": 1752361958780,
      "m": true
    },
    {
      "p": 1.213e-05,
      "q": 6200000,
      "s": "PEPEUSDT",
      "T": 1752361958770,
      "m": true
    },
    {
      "p": 1.213e-05,
      "q": 33842578,
      "s": "PEPEUSDT",
      "T": 1752361957885,
      "m": false
    },
    {
      "p": 1.213e-05,
      "q": 48819721,
      "s": "PEPEUSDT",
      "T": 1752361953407,
      "m": false
    },
    {
      "p": 1.213e-05,
      "q": 1904188,
      "s": "PEPEUSDT",
      "T": 1752361952959,
      "m": false
    },
    {
      "p": 1.212e-05,
      "q": 119123422,
      "s": "PEPEUSDT",
      "T": 1752361950189,
      "m": true
    },
    {
      "p": 1.213e-05,
      "q": 525747,
      "s": "PEPEUSDT",
      "T": 1752361947609,
      "m": false
    },
    {
      "p": 1.213e-05,
      "q": 727024232,
      "s": "PEPEUSDT",
      "T": 1752361947102,
      "m": true
    },
    {
      "p": 1.214e-05,
      "q": 538272,
      "s": "PEPEUSDT",
      "T": 1752361945788,
      "m": false
    },
    {
      "p": 1.214e-05,
      "q": 3348318,
      "s": "PEPEUSDT",
      "T": 1752361945260,
      "m": false
    },
    {
      "p": 1.213e-05,
      "q": 66689375,
      "s": "PEPEUSDT",
      "T": 1752361941669,
      "m": false
    },
    {
      "p": 1.213e-05,
      "q": 455687,
      "s": "PEPEUSDT",
      "T": 1752361940651,
      "m": false
    },
    {
      "p": 1.213e-05,
      "q": 25270774,
      "s": "PEPEUSDT",
      "T": 1752361940159,
      "m": false
    },
    {
      "p": 1.213e-05,
      "q": 1236603,
      "s": "PEPEUSDT",
      "T": 1752361937948,
      "m": false
    },
    {
      "p": 1.213e-05,
      "q": 22481296,
      "s": "PEPEUSDT",
      "T": 1752361937775,
      "m": false
    },
    {
      "p": 1.213e-05,
      "q": 82440,
      "s": "PEPEUSDT",
      "T": 1752361937634,
      "m": false
    },
    {
      "p": 1.212e-05,
      "q": 15488424,
      "s": "PEPEUSDT",
      "T": 1752361933956,
      "m": true
    },
    {
      "p": 1.213e-05,
      "q": 138538011,
      "s": "PEPEUSDT",
      "T": 1752361923598,
      "m": true
    },
    {
      "p": 1.214e-05,
      "q": 5621321,
      "s": "PEPEUSDT",
      "T": 1752361923341,
      "m": false
    },
    {
      "p": 1.213e-05,
      "q": 824402,
      "s": "PEPEUSDT",
      "T": 1752361922125,
      "m": true
    },
    {
      "p": 1.213e-05,
      "q": 6200000,
      "s": "PEPEUSDT",
      "T": 1752361921932,
      "m": true
    },
    {
      "p": 1.213e-05,
      "q": 200000,
      "s": "PEPEUSDT",
      "T": 1752361921908,
      "m": true
    },
    {
      "p": 1.213e-05,
      "q": 3657638,
      "s": "PEPEUSDT",
      "T": 1752361916577,
      "m": true
    },
    {
      "p": 1.214e-05,
      "q": 823723,
      "s": "PEPEUSDT",
      "T": 1752361914376,
      "m": false
    },
    {
      "p": 1.213e-05,
      "q": 4593715,
      "s": "PEPEUSDT",
      "T": 1752361913108,
      "m": true
    }
  ]
}