{
  "pair": "I-ADA_INR",
  "timestamp": "20250712_233716",
  "trades": [
    {
      "p": 62,
      "q": 1.629032,
      "s": "ADAINR",
      "T": 1752363332111.93,
      "m": false
    },
    {
      "p": 61.66,
      "q": 75,
      "s": "ADAINR",
      "T": 1752363192772.78,
      "m": true
    },
    {
      "p": 61.97,
      "q": 3.178957,
      "s": "ADAINR",
      "T": 1752361569596.48,
      "m": false
    },
    {
      "p": 61.99,
      "q": 1.666397,
      "s": "ADAINR",
      "T": 1752361527668.6,
      "m": false
    },
    {
      "p": 61.97,
      "q": 18.002743,
      "s": "ADAINR",
      "T": 1752360777491.2,
      "m": false
    },
    {
      "p": 61.95,
      "q": 4.003228,
      "s": "ADAINR",
      "T": 1752360638227.87,
      "m": false
    },
    {
      "p": 61.97,
      "q": 3.243504,
      "s": "ADAINR",
      "T": 1752360556242.34,
      "m": false
    },
    {
      "p": 61.99,
      "q": 4.009114,
      "s": "ADAINR",
      "T": 1752360336276.21,
      "m": false
    },
    {
      "p": 62,
      "q": 8.935483,
      "s": "ADAINR",
      "T": 1752360215342.33,
      "m": false
    },
    {
      "p": 61.6,
      "q": 2,
      "s": "ADAINR",
      "T": 1752360206495.78,
      "m": true
    },
    {
      "p": 62,
      "q": 50.82258,
      "s": "ADAINR",
      "T": 1752360195018.28,
      "m": false
    },
    {
      "p": 62,
      "q": 1.645161,
      "s": "ADAINR",
      "T": 1752360182584.8,
      "m": false
    },
    {
      "p": 61.99,
      "q": 3.226326,
      "s": "ADAINR",
      "T": 1752360070208.99,
      "m": false
    },
    {
      "p": 61.84,
      "q": 50,
      "s": "ADAINR",
      "T": 1752358864270.66,
      "m": false
    },
    {
      "p": 61.94,
      "q": 10.171133,
      "s": "ADAINR",
      "T": 1752358581495.75,
      "m": false
    },
    {
      "p": 61.49,
      "q": 2,
      "s": "ADAINR",
      "T": 1752358535935.67,
      "m": true
    },
    {
      "p": 62,
      "q": 15.975645,
      "s": "ADAINR",
      "T": 1752356946862.58,
      "m": false
    },
    {
      "p": 61.58,
      "q": 40,
      "s": "ADAINR",
      "T": 1752356934459.17,
      "m": true
    },
    {
      "p": 62,
      "q": 3.225806,
      "s": "ADAINR",
      "T": 1752356799317.03,
      "m": false
    },
    {
      "p": 62,
      "q": 3.209677,
      "s": "ADAINR",
      "T": 1752356720011.32,
      "m": false
    },
    {
      "p": 62,
      "q": 10.48387,
      "s": "ADAINR",
      "T": 1752356542621.89,
      "m": false
    },
    {
      "p": 61.97,
      "q": 6,
      "s": "ADAINR",
      "T": 1752356540133.47,
      "m": true
    },
    {
      "p": 61.97,
      "q": 3.227368,
      "s": "ADAINR",
      "T": 1752356076829.35,
      "m": false
    },
    {
      "p": 61.4,
      "q": 26,
      "s": "ADAINR",
      "T": 1752356010416.83,
      "m": true
    },
    {
      "p": 61.49,
      "q": 8,
      "s": "ADAINR",
      "T": 1752355845372.14,
      "m": true
    },
    {
      "p": 61.97,
      "q": 16.13684,
      "s": "ADAINR",
      "T": 1752355795575.37,
      "m": false
    },
    {
      "p": 61.98,
      "q": 80.671184,
      "s": "ADAINR",
      "T": 1752355775017.34,
      "m": false
    },
    {
      "p": 61.29,
      "q": 30,
      "s": "ADAINR",
      "T": 1752355472599.74,
      "m": false
    },
    {
      "p": 61.36,
      "q": 119,
      "s": "ADAINR",
      "T": 1752355201784.08,
      "m": true
    },
    {
      "p": 61.34,
      "q": 252,
      "s": "ADAINR",
      "T": 1752355201784.05,
      "m": true
    },
    {
      "p": 61.36,
      "q": 29,
      "s": "ADAINR",
      "T": 1752355201783.82,
      "m": true
    },
    {
      "p": 61.95,
      "q": 15.004842,
      "s": "ADAINR",
      "T": 1752354428285.07,
      "m": false
    },
    {
      "p": 61.7,
      "q": 1.636952,
      "s": "ADAINR",
      "T": 1752354151954.86,
      "m": false
    },
    {
      "p": 61.66,
      "q": 16.659422,
      "s": "ADAINR",
      "T": 1752354044607.15,
      "m": false
    },
    {
      "p": 61.7,
      "q": 72.285089,
      "s": "ADAINR",
      "T": 1752353717922.81,
      "m": false
    },
    {
      "p": 61.64,
      "q": 327.335928,
      "s": "ADAINR",
      "T": 1752353545259.64,
      "m": false
    },
    {
      "p": 61.62,
      "q": 1.862035,
      "s": "ADAINR",
      "T": 1752353248704.65,
      "m": false
    },
    {
      "p": 61.2,
      "q": 33,
      "s": "ADAINR",
      "T": 1752352513380.43,
      "m": true
    },
    {
      "p": 61.36,
      "q": 52,
      "s": "ADAINR",
      "T": 1752352292952.58,
      "m": true
    },
    {
      "p": 61.88,
      "q": 4.992727,
      "s": "ADAINR",
      "T": 1752351842085.31,
      "m": false
    },
    {
      "p": 61.47,
      "q": 81,
      "s": "ADAINR",
      "T": 1752351650871.63,
      "m": false
    },
    {
      "p": 61.5,
      "q": 325,
      "s": "ADAINR",
      "T": 1752351648871.05,
      "m": true
    },
    {
      "p": 61.52,
      "q": 40,
      "s": "ADAINR",
      "T": 1752351648867.48,
      "m": true
    },
    {
      "p": 61.26,
      "q": 1293,
      "s": "ADAINR",
      "T": 1752351648867.14,
      "m": true
    },
    {
      "p": 61.4,
      "q": 3,
      "s": "ADAINR",
      "T": 1752351648867.1,
      "m": true
    },
    {
      "p": 61.41,
      "q": 5,
      "s": "ADAINR",
      "T": 1752351648866.01,
      "m": true
    },
    {
      "p": 62.12,
      "q": 32.131358,
      "s": "ADAINR",
      "T": 1752351372784.08,
      "m": false
    },
    {
      "p": 62.13,
      "q": 3.995492,
      "s": "ADAINR",
      "T": 1752351332701.13,
      "m": false
    },
    {
      "p": 61.52,
      "q": 8,
      "s": "ADAINR",
      "T": 1752351303356.29,
      "m": true
    },
    {
      "p": 62.06,
      "q": 40.283596,
      "s": "ADAINR",
      "T": 1752351048471.79,
      "m": false
    }
  ]
}