{
  "pair": "B-XLM_USDT",
  "timestamp": "20250712_231357",
  "trades": [
    {
      "p": 0.3936,
      "q": 28,
      "s": "XLMUSDT",
      "T": 1752362036244,
      "m": false
    },
    {
      "p": 0.3936,
      "q": 11607,
      "s": "XLMUSDT",
      "T": 1752362036240,
      "m": false
    },
    {
      "p": 0.3935,
      "q": 1556,
      "s": "XLMUSDT",
      "T": 1752362034154,
      "m": false
    },
    {
      "p": 0.3935,
      "q": 3260,
      "s": "XLMUSDT",
      "T": 1752362032351,
      "m": false
    },
    {
      "p": 0.3935,
      "q": 1263,
      "s": "XLMUSDT",
      "T": 1752362032235,
      "m": true
    },
    {
      "p": 0.3935,
      "q": 69,
      "s": "XLMUSDT",
      "T": 1752362032234,
      "m": true
    },
    {
      "p": 0.3936,
      "q": 38,
      "s": "XLMUSDT",
      "T": 1752362031605,
      "m": false
    },
    {
      "p": 0.3936,
      "q": 28,
      "s": "XLMUSDT",
      "T": 1752362030347,
      "m": true
    },
    {
      "p": 0.3936,
      "q": 56,
      "s": "XLMUSDT",
      "T": 1752362030245,
      "m": true
    },
    {
      "p": 0.3937,
      "q": 6109,
      "s": "XLMUSDT",
      "T": 1752362030107,
      "m": true
    },
    {
      "p": 0.3937,
      "q": 2232,
      "s": "XLMUSDT",
      "T": 1752362028351,
      "m": true
    },
    {
      "p": 0.3938,
      "q": 28,
      "s": "XLMUSDT",
      "T": 1752362027939,
      "m": true
    },
    {
      "p": 0.3938,
      "q": 1408,
      "s": "XLMUSDT",
      "T": 1752362027915,
      "m": true
    },
    {
      "p": 0.3939,
      "q": 233,
      "s": "XLMUSDT",
      "T": 1752362027872,
      "m": true
    },
    {
      "p": 0.3939,
      "q": 5285,
      "s": "XLMUSDT",
      "T": 1752362026504,
      "m": true
    },
    {
      "p": 0.3939,
      "q": 335,
      "s": "XLMUSDT",
      "T": 1752362026494,
      "m": false
    },
    {
      "p": 0.3939,
      "q": 15,
      "s": "XLMUSDT",
      "T": 1752362026356,
      "m": false
    },
    {
      "p": 0.3938,
      "q": 820,
      "s": "XLMUSDT",
      "T": 1752362026348,
      "m": false
    },
    {
      "p": 0.3937,
      "q": 2014,
      "s": "XLMUSDT",
      "T": 1752362026345,
      "m": false
    },
    {
      "p": 0.3937,
      "q": 511,
      "s": "XLMUSDT",
      "T": 1752362026344,
      "m": false
    },
    {
      "p": 0.3937,
      "q": 1513,
      "s": "XLMUSDT",
      "T": 1752362026343,
      "m": false
    },
    {
      "p": 0.3936,
      "q": 4019,
      "s": "XLMUSDT",
      "T": 1752362026336,
      "m": false
    },
    {
      "p": 0.3936,
      "q": 294,
      "s": "XLMUSDT",
      "T": 1752362025116,
      "m": false
    },
    {
      "p": 0.3935,
      "q": 1358,
      "s": "XLMUSDT",
      "T": 1752362023529,
      "m": false
    },
    {
      "p": 0.3934,
      "q": 31,
      "s": "XLMUSDT",
      "T": 1752362023423,
      "m": true
    },
    {
      "p": 0.3934,
      "q": 35,
      "s": "XLMUSDT",
      "T": 1752362022783,
      "m": true
    },
    {
      "p": 0.3935,
      "q": 175,
      "s": "XLMUSDT",
      "T": 1752362020873,
      "m": false
    },
    {
      "p": 0.3935,
      "q": 27,
      "s": "XLMUSDT",
      "T": 1752362019870,
      "m": false
    },
    {
      "p": 0.3935,
      "q": 26,
      "s": "XLMUSDT",
      "T": 1752362019855,
      "m": false
    },
    {
      "p": 0.3935,
      "q": 323,
      "s": "XLMUSDT",
      "T": 1752362018174,
      "m": false
    },
    {
      "p": 0.3934,
      "q": 28,
      "s": "XLMUSDT",
      "T": 1752362017638,
      "m": false
    },
    {
      "p": 0.3934,
      "q": 134,
      "s": "XLMUSDT",
      "T": 1752362017622,
      "m": false
    },
    {
      "p": 0.3934,
      "q": 130,
      "s": "XLMUSDT",
      "T": 1752362017142,
      "m": false
    },
    {
      "p": 0.3933,
      "q": 14,
      "s": "XLMUSDT",
      "T": 1752362016989,
      "m": false
    },
    {
      "p": 0.3933,
      "q": 80,
      "s": "XLMUSDT",
      "T": 1752362016988,
      "m": false
    },
    {
      "p": 0.3932,
      "q": 9904,
      "s": "XLMUSDT",
      "T": 1752362016633,
      "m": false
    },
    {
      "p": 0.3932,
      "q": 290,
      "s": "XLMUSDT",
      "T": 1752362016612,
      "m": true
    },
    {
      "p": 0.3932,
      "q": 42,
      "s": "XLMUSDT",
      "T": 1752362016206,
      "m": false
    },
    {
      "p": 0.3932,
      "q": 56,
      "s": "XLMUSDT",
      "T": 1752362016186,
      "m": false
    },
    {
      "p": 0.3932,
      "q": 14,
      "s": "XLMUSDT",
      "T": 1752362015812,
      "m": true
    },
    {
      "p": 0.3932,
      "q": 1041,
      "s": "XLMUSDT",
      "T": 1752362015811,
      "m": true
    },
    {
      "p": 0.3933,
      "q": 14,
      "s": "XLMUSDT",
      "T": 1752362014159,
      "m": true
    },
    {
      "p": 0.3933,
      "q": 6030,
      "s": "XLMUSDT",
      "T": 1752362014157,
      "m": true
    },
    {
      "p": 0.3933,
      "q": 497,
      "s": "XLMUSDT",
      "T": 1752362013861,
      "m": true
    },
    {
      "p": 0.3933,
      "q": 519,
      "s": "XLMUSDT",
      "T": 1752362013732,
      "m": true
    },
    {
      "p": 0.3934,
      "q": 374,
      "s": "XLMUSDT",
      "T": 1752362012547,
      "m": true
    },
    {
      "p": 0.3934,
      "q": 125,
      "s": "XLMUSDT",
      "T": 1752362011894,
      "m": false
    },
    {
      "p": 0.3933,
      "q": 84,
      "s": "XLMUSDT",
      "T": 1752362011345,
      "m": false
    },
    {
      "p": 0.3933,
      "q": 21,
      "s": "XLMUSDT",
      "T": 1752362011025,
      "m": false
    },
    {
      "p": 0.3932,
      "q": 84,
      "s": "XLMUSDT",
      "T": 1752362011020,
      "m": false
    }
  ]
}