{
  "pair": "B-DOGE_USDT",
  "timestamp": "20250712_231357",
  "trades": [
    {
      "p": 0.1961,
      "q": 766,
      "s": "DOGEUSDT",
      "T": 1752362036865,
      "m": false
    },
    {
      "p": 0.19609,
      "q": 2104,
      "s": "DOGEUSDT",
      "T": 1752362035213,
      "m": true
    },
    {
      "p": 0.1961,
      "q": 96,
      "s": "DOGEUSDT",
      "T": 1752362028482,
      "m": false
    },
    {
      "p": 0.19609,
      "q": 370,
      "s": "DOGEUSDT",
      "T": 1752362027842,
      "m": false
    },
    {
      "p": 0.19608,
      "q": 80,
      "s": "DOGEUSDT",
      "T": 1752362026360,
      "m": true
    },
    {
      "p": 0.19609,
      "q": 2929,
      "s": "DOGEUSDT",
      "T": 1752362024177,
      "m": false
    },
    {
      "p": 0.19607,
      "q": 10000,
      "s": "DOGEUSDT",
      "T": 1752362022314,
      "m": false
    },
    {
      "p": 0.19606,
      "q": 8,
      "s": "DOGEUSDT",
      "T": 1752362015848,
      "m": true
    },
    {
      "p": 0.19606,
      "q": 716,
      "s": "DOGEUSDT",
      "T": 1752362015847,
      "m": true
    },
    {
      "p": 0.19608,
      "q": 79,
      "s": "DOGEUSDT",
      "T": 1752362014775,
      "m": true
    },
    {
      "p": 0.19609,
      "q": 615,
      "s": "DOGEUSDT",
      "T": 1752362011990,
      "m": false
    },
    {
      "p": 0.19608,
      "q": 83,
      "s": "DOGEUSDT",
      "T": 1752362011788,
      "m": false
    },
    {
      "p": 0.19607,
      "q": 128,
      "s": "DOGEUSDT",
      "T": 1752362011786,
      "m": false
    },
    {
      "p": 0.19606,
      "q": 1092,
      "s": "DOGEUSDT",
      "T": 1752362011044,
      "m": true
    },
    {
      "p": 0.19606,
      "q": 1000,
      "s": "DOGEUSDT",
      "T": 1752362007971,
      "m": true
    },
    {
      "p": 0.19607,
      "q": 3129,
      "s": "DOGEUSDT",
      "T": 1752362001505,
      "m": true
    },
    {
      "p": 0.19607,
      "q": 675,
      "s": "DOGEUSDT",
      "T": 1752362001500,
      "m": true
    },
    {
      "p": 0.19608,
      "q": 679,
      "s": "DOGEUSDT",
      "T": 1752362001203,
      "m": false
    },
    {
      "p": 0.19607,
      "q": 103,
      "s": "DOGEUSDT",
      "T": 1752362001081,
      "m": false
    },
    {
      "p": 0.19604,
      "q": 17798,
      "s": "DOGEUSDT",
      "T": 1752362000581,
      "m": false
    },
    {
      "p": 0.19604,
      "q": 13500,
      "s": "DOGEUSDT",
      "T": 1752362000580,
      "m": false
    },
    {
      "p": 0.19604,
      "q": 13500,
      "s": "DOGEUSDT",
      "T": 1752362000579,
      "m": false
    },
    {
      "p": 0.19604,
      "q": 10470,
      "s": "DOGEUSDT",
      "T": 1752362000578,
      "m": false
    },
    {
      "p": 0.19603,
      "q": 63,
      "s": "DOGEUSDT",
      "T": 1752361997747,
      "m": false
    },
    {
      "p": 0.19602,
      "q": 57,
      "s": "DOGEUSDT",
      "T": 1752361997627,
      "m": false
    },
    {
      "p": 0.19601,
      "q": 1973,
      "s": "DOGEUSDT",
      "T": 1752361997599,
      "m": true
    },
    {
      "p": 0.19601,
      "q": 5534,
      "s": "DOGEUSDT",
      "T": 1752361997586,
      "m": false
    },
    {
      "p": 0.19601,
      "q": 137,
      "s": "DOGEUSDT",
      "T": 1752361995628,
      "m": false
    },
    {
      "p": 0.19601,
      "q": 330,
      "s": "DOGEUSDT",
      "T": 1752361992469,
      "m": false
    },
    {
      "p": 0.196,
      "q": 200,
      "s": "DOGEUSDT",
      "T": 1752361991063,
      "m": true
    },
    {
      "p": 0.19601,
      "q": 1452,
      "s": "DOGEUSDT",
      "T": 1752361988742,
      "m": false
    },
    {
      "p": 0.196,
      "q": 436,
      "s": "DOGEUSDT",
      "T": 1752361986776,
      "m": true
    },
    {
      "p": 0.19602,
      "q": 7,
      "s": "DOGEUSDT",
      "T": 1752361984846,
      "m": false
    },
    {
      "p": 0.19601,
      "q": 351,
      "s": "DOGEUSDT",
      "T": 1752361983194,
      "m": true
    },
    {
      "p": 0.19603,
      "q": 144,
      "s": "DOGEUSDT",
      "T": 1752361983122,
      "m": true
    },
    {
      "p": 0.19603,
      "q": 598,
      "s": "DOGEUSDT",
      "T": 1752361983079,
      "m": true
    },
    {
      "p": 0.19603,
      "q": 598,
      "s": "DOGEUSDT",
      "T": 1752361982231,
      "m": true
    },
    {
      "p": 0.19604,
      "q": 7698,
      "s": "DOGEUSDT",
      "T": 1752361977463,
      "m": true
    },
    {
      "p": 0.19605,
      "q": 357,
      "s": "DOGEUSDT",
      "T": 1752361976927,
      "m": true
    },
    {
      "p": 0.19605,
      "q": 26,
      "s": "DOGEUSDT",
      "T": 1752361975584,
      "m": true
    },
    {
      "p": 0.19605,
      "q": 200,
      "s": "DOGEUSDT",
      "T": 1752361971673,
      "m": true
    },
    {
      "p": 0.19605,
      "q": 16,
      "s": "DOGEUSDT",
      "T": 1752361968985,
      "m": true
    },
    {
      "p": 0.19605,
      "q": 368,
      "s": "DOGEUSDT",
      "T": 1752361963386,
      "m": true
    },
    {
      "p": 0.19605,
      "q": 598,
      "s": "DOGEUSDT",
      "T": 1752361963183,
      "m": true
    },
    {
      "p": 0.19605,
      "q": 283,
      "s": "DOGEUSDT",
      "T": 1752361963177,
      "m": true
    },
    {
      "p": 0.19608,
      "q": 50,
      "s": "DOGEUSDT",
      "T": 1752361961459,
      "m": false
    },
    {
      "p": 0.19608,
      "q": 281,
      "s": "DOGEUSDT",
      "T": 1752361960069,
      "m": false
    },
    {
      "p": 0.19608,
      "q": 91,
      "s": "DOGEUSDT",
      "T": 1752361958810,
      "m": false
    },
    {
      "p": 0.19607,
      "q": 1190,
      "s": "DOGEUSDT",
      "T": 1752361956896,
      "m": true
    },
    {
      "p": 0.19608,
      "q": 6,
      "s": "DOGEUSDT",
      "T": 1752361956788,
      "m": true
    }
  ]
}