{
  "pair": "B-KNC_USDT",
  "timestamp": "20250712_231357",
  "trades": [
    {
      "p": 0.6123,
      "q": 585.1,
      "s": "KNCUSDT",
      "T": 1752362039156,
      "m": false
    },
    {
      "p": 0.6121,
      "q": 27.3,
      "s": "KNCUSDT",
      "T": 1752362037773,
      "m": false
    },
    {
      "p": 0.612,
      "q": 27.4,
      "s": "KNCUSDT",
      "T": 1752362037152,
      "m": false
    },
    {
      "p": 0.6122,
      "q": 817.8,
      "s": "KNCUSDT",
      "T": 1752362036938,
      "m": false
    },
    {
      "p": 0.6121,
      "q": 50.6,
      "s": "KNCUSDT",
      "T": 1752362036937,
      "m": false
    },
    {
      "p": 0.6116,
      "q": 138.1,
      "s": "KNCUSDT",
      "T": 1752362036936,
      "m": true
    },
    {
      "p": 0.612,
      "q": 25.3,
      "s": "KNCUSDT",
      "T": 1752362036932,
      "m": true
    },
    {
      "p": 0.6122,
      "q": 53.3,
      "s": "KNCUSDT",
      "T": 1752362036931,
      "m": true
    },
    {
      "p": 0.6129,
      "q": 27.1,
      "s": "KNCUSDT",
      "T": 1752362033221,
      "m": false
    },
    {
      "p": 0.6124,
      "q": 40.7,
      "s": "KNCUSDT",
      "T": 1752362033008,
      "m": false
    },
    {
      "p": 0.6123,
      "q": 121.6,
      "s": "KNCUSDT",
      "T": 1752362030227,
      "m": true
    },
    {
      "p": 0.6125,
      "q": 44.7,
      "s": "KNCUSDT",
      "T": 1752362030222,
      "m": true
    },
    {
      "p": 0.613,
      "q": 23.2,
      "s": "KNCUSDT",
      "T": 1752362026975,
      "m": false
    },
    {
      "p": 0.6132,
      "q": 43.7,
      "s": "KNCUSDT",
      "T": 1752362026409,
      "m": true
    },
    {
      "p": 0.6132,
      "q": 32.8,
      "s": "KNCUSDT",
      "T": 1752362023748,
      "m": true
    },
    {
      "p": 0.6134,
      "q": 38.6,
      "s": "KNCUSDT",
      "T": 1752362022564,
      "m": false
    },
    {
      "p": 0.6133,
      "q": 417.8,
      "s": "KNCUSDT",
      "T": 1752362021792,
      "m": true
    },
    {
      "p": 0.6133,
      "q": 40.7,
      "s": "KNCUSDT",
      "T": 1752362021048,
      "m": false
    },
    {
      "p": 0.6135,
      "q": 0.3,
      "s": "KNCUSDT",
      "T": 1752362018964,
      "m": true
    },
    {
      "p": 0.6135,
      "q": 134.1,
      "s": "KNCUSDT",
      "T": 1752362018340,
      "m": true
    },
    {
      "p": 0.6137,
      "q": 9.7,
      "s": "KNCUSDT",
      "T": 1752362018184,
      "m": false
    },
    {
      "p": 0.6135,
      "q": 109,
      "s": "KNCUSDT",
      "T": 1752362017120,
      "m": true
    },
    {
      "p": 0.6136,
      "q": 384.1,
      "s": "KNCUSDT",
      "T": 1752362016814,
      "m": false
    },
    {
      "p": 0.6133,
      "q": 343.1,
      "s": "KNCUSDT",
      "T": 1752362016523,
      "m": false
    },
    {
      "p": 0.613,
      "q": 321.7,
      "s": "KNCUSDT",
      "T": 1752362015421,
      "m": false
    },
    {
      "p": 0.6127,
      "q": 68,
      "s": "KNCUSDT",
      "T": 1752362014492,
      "m": true
    },
    {
      "p": 0.6127,
      "q": 749.8,
      "s": "KNCUSDT",
      "T": 1752362014491,
      "m": true
    },
    {
      "p": 0.6125,
      "q": 35,
      "s": "KNCUSDT",
      "T": 1752362014488,
      "m": true
    },
    {
      "p": 0.6126,
      "q": 693.4,
      "s": "KNCUSDT",
      "T": 1752362014428,
      "m": true
    },
    {
      "p": 0.6122,
      "q": 53.5,
      "s": "KNCUSDT",
      "T": 1752362014117,
      "m": false
    },
    {
      "p": 0.612,
      "q": 18.3,
      "s": "KNCUSDT",
      "T": 1752362014036,
      "m": false
    },
    {
      "p": 0.6118,
      "q": 163.3,
      "s": "KNCUSDT",
      "T": 1752362014033,
      "m": false
    },
    {
      "p": 0.6113,
      "q": 16.3,
      "s": "KNCUSDT",
      "T": 1752362013548,
      "m": false
    },
    {
      "p": 0.611,
      "q": 141.8,
      "s": "KNCUSDT",
      "T": 1752362011231,
      "m": false
    },
    {
      "p": 0.611,
      "q": 14.4,
      "s": "KNCUSDT",
      "T": 1752362011229,
      "m": false
    },
    {
      "p": 0.611,
      "q": 368,
      "s": "KNCUSDT",
      "T": 1752362011227,
      "m": false
    },
    {
      "p": 0.6107,
      "q": 141.5,
      "s": "KNCUSDT",
      "T": 1752362011044,
      "m": false
    },
    {
      "p": 0.6107,
      "q": 12.3,
      "s": "KNCUSDT",
      "T": 1752362011042,
      "m": false
    },
    {
      "p": 0.6107,
      "q": 401.1,
      "s": "KNCUSDT",
      "T": 1752362010583,
      "m": false
    },
    {
      "p": 0.6105,
      "q": 40.7,
      "s": "KNCUSDT",
      "T": 1752362010482,
      "m": false
    },
    {
      "p": 0.6105,
      "q": 10.4,
      "s": "KNCUSDT",
      "T": 1752362010477,
      "m": false
    },
    {
      "p": 0.6106,
      "q": 37.2,
      "s": "KNCUSDT",
      "T": 1752362009980,
      "m": false
    },
    {
      "p": 0.6104,
      "q": 12.1,
      "s": "KNCUSDT",
      "T": 1752362009745,
      "m": false
    },
    {
      "p": 0.6104,
      "q": 9.1,
      "s": "KNCUSDT",
      "T": 1752362009704,
      "m": true
    },
    {
      "p": 0.6105,
      "q": 136.2,
      "s": "KNCUSDT",
      "T": 1752362009688,
      "m": true
    },
    {
      "p": 0.6108,
      "q": 0.5,
      "s": "KNCUSDT",
      "T": 1752362009603,
      "m": true
    },
    {
      "p": 0.611,
      "q": 9.1,
      "s": "KNCUSDT",
      "T": 1752362009600,
      "m": true
    },
    {
      "p": 0.6112,
      "q": 9,
      "s": "KNCUSDT",
      "T": 1752362009501,
      "m": true
    },
    {
      "p": 0.6114,
      "q": 0.4,
      "s": "KNCUSDT",
      "T": 1752362009488,
      "m": true
    },
    {
      "p": 0.6116,
      "q": 9,
      "s": "KNCUSDT",
      "T": 1752362009104,
      "m": true
    }
  ]
}