{
  "pair": "B-ETH_USDT",
  "timestamp": "20250712_232344",
  "trades": [
    {
      "p": 2938.96,
      "q": 0.0026,
      "s": "ETHUSDT",
      "T": 1752362624025,
      "m": false
    },
    {
      "p": 2938.95,
      "q": 0.0026,
      "s": "ETHUSDT",
      "T": 1752362622583,
      "m": true
    },
    {
      "p": 2938.95,
      "q": 0.0041,
      "s": "ETHUSDT",
      "T": 1752362621836,
      "m": true
    },
    {
      "p": 2938.96,
      "q": 0.0026,
      "s": "ETHUSDT",
      "T": 1752362620652,
      "m": false
    },
    {
      "p": 2938.96,
      "q": 0.0042,
      "s": "ETHUSDT",
      "T": 1752362620052,
      "m": false
    },
    {
      "p": 2938.96,
      "q": 0.0091,
      "s": "ETHUSDT",
      "T": 1752362619090,
      "m": false
    },
    {
      "p": 2938.95,
      "q": 0.0026,
      "s": "ETHUSDT",
      "T": 1752362619044,
      "m": true
    },
    {
      "p": 2938.95,
      "q": 1.0639,
      "s": "ETHUSDT",
      "T": 1752362617598,
      "m": true
    },
    {
      "p": 2938.96,
      "q": 0.0027,
      "s": "ETHUSDT",
      "T": 1752362614029,
      "m": false
    },
    {
      "p": 2938.96,
      "q": 0.1837,
      "s": "ETHUSDT",
      "T": 1752362612692,
      "m": false
    },
    {
      "p": 2938.95,
      "q": 0.0281,
      "s": "ETHUSDT",
      "T": 1752362612258,
      "m": true
    },
    {
      "p": 2938.96,
      "q": 0.0036,
      "s": "ETHUSDT",
      "T": 1752362611016,
      "m": true
    },
    {
      "p": 2939,
      "q": 0.0133,
      "s": "ETHUSDT",
      "T": 1752362610330,
      "m": false
    },
    {
      "p": 2939,
      "q": 0.0127,
      "s": "ETHUSDT",
      "T": 1752362609164,
      "m": false
    },
    {
      "p": 2939,
      "q": 0.0938,
      "s": "ETHUSDT",
      "T": 1752362608389,
      "m": false
    },
    {
      "p": 2938.99,
      "q": 1.004,
      "s": "ETHUSDT",
      "T": 1752362607420,
      "m": true
    },
    {
      "p": 2939,
      "q": 0.21,
      "s": "ETHUSDT",
      "T": 1752362605842,
      "m": false
    },
    {
      "p": 2938.99,
      "q": 0.1439,
      "s": "ETHUSDT",
      "T": 1752362605769,
      "m": true
    },
    {
      "p": 2938.99,
      "q": 0.0034,
      "s": "ETHUSDT",
      "T": 1752362605525,
      "m": true
    },
    {
      "p": 2939,
      "q": 0.034,
      "s": "ETHUSDT",
      "T": 1752362604222,
      "m": false
    },
    {
      "p": 2939.03,
      "q": 0.0547,
      "s": "ETHUSDT",
      "T": 1752362604217,
      "m": true
    },
    {
      "p": 2939.04,
      "q": 0.0018,
      "s": "ETHUSDT",
      "T": 1752362604216,
      "m": true
    },
    {
      "p": 2939.21,
      "q": 0.0045,
      "s": "ETHUSDT",
      "T": 1752362604010,
      "m": true
    },
    {
      "p": 2939.21,
      "q": 0.0436,
      "s": "ETHUSDT",
      "T": 1752362602762,
      "m": true
    },
    {
      "p": 2939.22,
      "q": 0.068,
      "s": "ETHUSDT",
      "T": 1752362601630,
      "m": false
    },
    {
      "p": 2939.22,
      "q": 0.1701,
      "s": "ETHUSDT",
      "T": 1752362601617,
      "m": false
    },
    {
      "p": 2939.21,
      "q": 0.1,
      "s": "ETHUSDT",
      "T": 1752362600842,
      "m": true
    },
    {
      "p": 2939.21,
      "q": 0.034,
      "s": "ETHUSDT",
      "T": 1752362599823,
      "m": true
    },
    {
      "p": 2939.21,
      "q": 0.0608,
      "s": "ETHUSDT",
      "T": 1752362599305,
      "m": true
    },
    {
      "p": 2939.21,
      "q": 0.0325,
      "s": "ETHUSDT",
      "T": 1752362598959,
      "m": true
    },
    {
      "p": 2939.22,
      "q": 0.0649,
      "s": "ETHUSDT",
      "T": 1752362597160,
      "m": false
    },
    {
      "p": 2939.22,
      "q": 0.034,
      "s": "ETHUSDT",
      "T": 1752362597135,
      "m": false
    },
    {
      "p": 2939.21,
      "q": 0.01,
      "s": "ETHUSDT",
      "T": 1752362595424,
      "m": true
    },
    {
      "p": 2939.22,
      "q": 0.017,
      "s": "ETHUSDT",
      "T": 1752362594386,
      "m": false
    },
    {
      "p": 2939.21,
      "q": 4.1574,
      "s": "ETHUSDT",
      "T": 1752362593085,
      "m": true
    },
    {
      "p": 2939.21,
      "q": 0.8,
      "s": "ETHUSDT",
      "T": 1752362593084,
      "m": true
    },
    {
      "p": 2939.21,
      "q": 3.2,
      "s": "ETHUSDT",
      "T": 1752362593083,
      "m": true
    },
    {
      "p": 2939.21,
      "q": 0.0191,
      "s": "ETHUSDT",
      "T": 1752362592016,
      "m": true
    },
    {
      "p": 2939.21,
      "q": 0.009,
      "s": "ETHUSDT",
      "T": 1752362590553,
      "m": true
    },
    {
      "p": 2939.22,
      "q": 0.0338,
      "s": "ETHUSDT",
      "T": 1752362590134,
      "m": false
    },
    {
      "p": 2939.22,
      "q": 0.1441,
      "s": "ETHUSDT",
      "T": 1752362589236,
      "m": true
    },
    {
      "p": 2939.22,
      "q": 0.9456,
      "s": "ETHUSDT",
      "T": 1752362589234,
      "m": true
    },
    {
      "p": 2939.23,
      "q": 0.0018,
      "s": "ETHUSDT",
      "T": 1752362587316,
      "m": true
    },
    {
      "p": 2939.36,
      "q": 0.0045,
      "s": "ETHUSDT",
      "T": 1752362586420,
      "m": true
    },
    {
      "p": 2939.36,
      "q": 0.044,
      "s": "ETHUSDT",
      "T": 1752362584987,
      "m": true
    },
    {
      "p": 2939.36,
      "q": 0.0232,
      "s": "ETHUSDT",
      "T": 1752362584717,
      "m": true
    },
    {
      "p": 2939.36,
      "q": 0.0021,
      "s": "ETHUSDT",
      "T": 1752362582985,
      "m": true
    },
    {
      "p": 2939.36,
      "q": 0.0705,
      "s": "ETHUSDT",
      "T": 1752362582444,
      "m": true
    },
    {
      "p": 2939.36,
      "q": 0.0018,
      "s": "ETHUSDT",
      "T": 1752362582398,
      "m": true
    },
    {
      "p": 2939.36,
      "q": 0.3944,
      "s": "ETHUSDT",
      "T": 1752362582393,
      "m": true
    }
  ]
}