{
  "pair": "B-BTC_USDT",
  "timestamp": "20250712_231357",
  "trades": [
    {
      "p": 117253.35,
      "q": 0.00017,
      "s": "BTCUSDT",
      "T": 1752362035317,
      "m": true
    },
    {
      "p": 117253.35,
      "q": 0.00027,
      "s": "BTCUSDT",
      "T": 1752362035188,
      "m": true
    },
    {
      "p": 117253.35,
      "q": 0.00086,
      "s": "BTCUSDT",
      "T": 1752362034210,
      "m": true
    },
    {
      "p": 117253.35,
      "q": 0.00062,
      "s": "BTCUSDT",
      "T": 1752362033059,
      "m": true
    },
    {
      "p": 117253.36,
      "q": 7e-05,
      "s": "BTCUSDT",
      "T": 1752362032691,
      "m": false
    },
    {
      "p": 117253.35,
      "q": 0.00345,
      "s": "BTCUSDT",
      "T": 1752362032102,
      "m": true
    },
    {
      "p": 117253.35,
      "q": 0.05813,
      "s": "BTCUSDT",
      "T": 1752362030686,
      "m": true
    },
    {
      "p": 117253.35,
      "q": 0.00078,
      "s": "BTCUSDT",
      "T": 1752362030014,
      "m": true
    },
    {
      "p": 117253.35,
      "q": 0.00038,
      "s": "BTCUSDT",
      "T": 1752362029443,
      "m": true
    },
    {
      "p": 117253.35,
      "q": 0.00042,
      "s": "BTCUSDT",
      "T": 1752362028474,
      "m": true
    },
    {
      "p": 117253.35,
      "q": 0.00083,
      "s": "BTCUSDT",
      "T": 1752362028120,
      "m": true
    },
    {
      "p": 117253.35,
      "q": 0.00127,
      "s": "BTCUSDT",
      "T": 1752362027862,
      "m": true
    },
    {
      "p": 117253.35,
      "q": 0.00149,
      "s": "BTCUSDT",
      "T": 1752362026561,
      "m": true
    },
    {
      "p": 117253.36,
      "q": 5e-05,
      "s": "BTCUSDT",
      "T": 1752362025777,
      "m": false
    },
    {
      "p": 117253.35,
      "q": 0.00034,
      "s": "BTCUSDT",
      "T": 1752362025039,
      "m": true
    },
    {
      "p": 117253.35,
      "q": 0.0004,
      "s": "BTCUSDT",
      "T": 1752362024363,
      "m": true
    },
    {
      "p": 117253.36,
      "q": 0.00045,
      "s": "BTCUSDT",
      "T": 1752362023208,
      "m": false
    },
    {
      "p": 117253.35,
      "q": 8e-05,
      "s": "BTCUSDT",
      "T": 1752362022558,
      "m": true
    },
    {
      "p": 117253.35,
      "q": 0.00046,
      "s": "BTCUSDT",
      "T": 1752362021982,
      "m": true
    },
    {
      "p": 117253.36,
      "q": 0.00173,
      "s": "BTCUSDT",
      "T": 1752362021629,
      "m": false
    },
    {
      "p": 117253.35,
      "q": 0.00495,
      "s": "BTCUSDT",
      "T": 1752362020703,
      "m": true
    },
    {
      "p": 117253.35,
      "q": 0.00456,
      "s": "BTCUSDT",
      "T": 1752362020605,
      "m": true
    },
    {
      "p": 117253.36,
      "q": 0.00012,
      "s": "BTCUSDT",
      "T": 1752362020227,
      "m": false
    },
    {
      "p": 117253.35,
      "q": 0.02861,
      "s": "BTCUSDT",
      "T": 1752362019962,
      "m": true
    },
    {
      "p": 117253.35,
      "q": 6e-05,
      "s": "BTCUSDT",
      "T": 1752362019502,
      "m": true
    },
    {
      "p": 117253.35,
      "q": 7e-05,
      "s": "BTCUSDT",
      "T": 1752362019080,
      "m": true
    },
    {
      "p": 117253.36,
      "q": 7e-05,
      "s": "BTCUSDT",
      "T": 1752362017244,
      "m": false
    },
    {
      "p": 117253.35,
      "q": 0.00028,
      "s": "BTCUSDT",
      "T": 1752362017196,
      "m": true
    },
    {
      "p": 117253.36,
      "q": 0.00046,
      "s": "BTCUSDT",
      "T": 1752362016576,
      "m": false
    },
    {
      "p": 117253.35,
      "q": 7e-05,
      "s": "BTCUSDT",
      "T": 1752362016257,
      "m": true
    },
    {
      "p": 117253.36,
      "q": 0.00314,
      "s": "BTCUSDT",
      "T": 1752362015999,
      "m": false
    },
    {
      "p": 117253.36,
      "q": 5e-05,
      "s": "BTCUSDT",
      "T": 1752362015886,
      "m": false
    },
    {
      "p": 117253.35,
      "q": 8e-05,
      "s": "BTCUSDT",
      "T": 1752362015464,
      "m": true
    },
    {
      "p": 117253.36,
      "q": 0.00137,
      "s": "BTCUSDT",
      "T": 1752362014688,
      "m": false
    },
    {
      "p": 117253.36,
      "q": 0.00042,
      "s": "BTCUSDT",
      "T": 1752362014305,
      "m": false
    },
    {
      "p": 117253.36,
      "q": 6e-05,
      "s": "BTCUSDT",
      "T": 1752362012484,
      "m": false
    },
    {
      "p": 117253.35,
      "q": 0.00018,
      "s": "BTCUSDT",
      "T": 1752362011718,
      "m": true
    },
    {
      "p": 117253.35,
      "q": 0.06498,
      "s": "BTCUSDT",
      "T": 1752362010686,
      "m": true
    },
    {
      "p": 117253.36,
      "q": 0.00017,
      "s": "BTCUSDT",
      "T": 1752362009053,
      "m": false
    },
    {
      "p": 117253.36,
      "q": 0.00017,
      "s": "BTCUSDT",
      "T": 1752362008078,
      "m": false
    },
    {
      "p": 117253.35,
      "q": 0.00018,
      "s": "BTCUSDT",
      "T": 1752362008059,
      "m": true
    },
    {
      "p": 117253.35,
      "q": 0.00023,
      "s": "BTCUSDT",
      "T": 1752362007481,
      "m": true
    },
    {
      "p": 117253.35,
      "q": 7e-05,
      "s": "BTCUSDT",
      "T": 1752362006920,
      "m": true
    },
    {
      "p": 117253.35,
      "q": 0.00189,
      "s": "BTCUSDT",
      "T": 1752362006337,
      "m": true
    },
    {
      "p": 117253.35,
      "q": 7e-05,
      "s": "BTCUSDT",
      "T": 1752362005707,
      "m": true
    },
    {
      "p": 117253.35,
      "q": 0.0003,
      "s": "BTCUSDT",
      "T": 1752362004698,
      "m": true
    },
    {
      "p": 117253.36,
      "q": 0.00085,
      "s": "BTCUSDT",
      "T": 1752362004676,
      "m": false
    },
    {
      "p": 117253.35,
      "q": 0.08678,
      "s": "BTCUSDT",
      "T": 1752362004085,
      "m": true
    },
    {
      "p": 117253.36,
      "q": 0.00088,
      "s": "BTCUSDT",
      "T": 1752362003417,
      "m": false
    },
    {
      "p": 117253.35,
      "q": 0.00051,
      "s": "BTCUSDT",
      "T": 1752362003183,
      "m": true
    }
  ]
}