{
  "pair": "I-PEPE_INR",
  "timestamp": "20250712_233716",
  "trades": [
    {
      "p": 0.001061,
      "q": 116870,
      "s": "PEPEINR",
      "T": 1752363308300.71,
      "m": true
    },
    {
      "p": 0.00106,
      "q": 2434905,
      "s": "PEPEINR",
      "T": 1752362987533.18,
      "m": true
    },
    {
      "p": 0.001072,
      "q": 529850.746268,
      "s": "PEPEINR",
      "T": 1752362977050.52,
      "m": false
    },
    {
      "p": 0.001072,
      "q": 464552.238805,
      "s": "PEPEINR",
      "T": 1752362876100.39,
      "m": false
    },
    {
      "p": 0.001062,
      "q": 200000,
      "s": "PEPEINR",
      "T": 1752362692334.17,
      "m": true
    },
    {
      "p": 0.001063,
      "q": 14124294,
      "s": "PEPEINR",
      "T": 1752362568141.87,
      "m": true
    },
    {
      "p": 0.001062,
      "q": 5875706,
      "s": "PEPEINR",
      "T": 1752362568140.95,
      "m": true
    },
    {
      "p": 0.001072,
      "q": 205223.880597,
      "s": "PEPEINR",
      "T": 1752362424391.55,
      "m": false
    },
    {
      "p": 0.00106,
      "q": 113100,
      "s": "PEPEINR",
      "T": 1752362411854.44,
      "m": true
    },
    {
      "p": 0.001072,
      "q": 2325581,
      "s": "PEPEINR",
      "T": 1752362405859.28,
      "m": false
    },
    {
      "p": 0.001061,
      "q": 206961,
      "s": "PEPEINR",
      "T": 1752362400724.75,
      "m": true
    },
    {
      "p": 0.001071,
      "q": 237002.80112,
      "s": "PEPEINR",
      "T": 1752362394087.92,
      "m": false
    },
    {
      "p": 0.001074,
      "q": 153631.284916,
      "s": "PEPEINR",
      "T": 1752362299420.86,
      "m": false
    },
    {
      "p": 0.00107,
      "q": 3069177.570093,
      "s": "PEPEINR",
      "T": 1752362217043.79,
      "m": false
    },
    {
      "p": 0.00107,
      "q": 99887.850467,
      "s": "PEPEINR",
      "T": 1752362130427.96,
      "m": false
    },
    {
      "p": 0.001067,
      "q": 234301.780693,
      "s": "PEPEINR",
      "T": 1752361868615.59,
      "m": false
    },
    {
      "p": 0.001067,
      "q": 468603.561387,
      "s": "PEPEINR",
      "T": 1752361840689.41,
      "m": false
    },
    {
      "p": 0.001067,
      "q": 5585018,
      "s": "PEPEINR",
      "T": 1752361810000,
      "m": false
    },
    {
      "p": 0.001069,
      "q": 449017.77362,
      "s": "PEPEINR",
      "T": 1752361692411.45,
      "m": false
    },
    {
      "p": 0.00107,
      "q": 94392.523364,
      "s": "PEPEINR",
      "T": 1752361654527.97,
      "m": false
    },
    {
      "p": 0.00107,
      "q": 934579.439252,
      "s": "PEPEINR",
      "T": 1752361616833.11,
      "m": false
    },
    {
      "p": 0.001063,
      "q": 4703668,
      "s": "PEPEINR",
      "T": 1752361242015.58,
      "m": true
    },
    {
      "p": 0.001061,
      "q": 131950,
      "s": "PEPEINR",
      "T": 1752360966737.9,
      "m": true
    },
    {
      "p": 0.001072,
      "q": 97947.761194,
      "s": "PEPEINR",
      "T": 1752360963325.88,
      "m": false
    },
    {
      "p": 0.001071,
      "q": 164332.399626,
      "s": "PEPEINR",
      "T": 1752360781678.52,
      "m": false
    },
    {
      "p": 0.00106,
      "q": 169811,
      "s": "PEPEINR",
      "T": 1752360769029.41,
      "m": true
    },
    {
      "p": 0.00106,
      "q": 399812,
      "s": "PEPEINR",
      "T": 1752360742383.88,
      "m": true
    },
    {
      "p": 0.00106,
      "q": 16981132,
      "s": "PEPEINR",
      "T": 1752360700665.58,
      "m": true
    },
    {
      "p": 0.001069,
      "q": 100093.545369,
      "s": "PEPEINR",
      "T": 1752360691325.44,
      "m": false
    },
    {
      "p": 0.00107,
      "q": 135514.018691,
      "s": "PEPEINR",
      "T": 1752360666411.97,
      "m": false
    },
    {
      "p": 0.00107,
      "q": 464485.981308,
      "s": "PEPEINR",
      "T": 1752360649437.54,
      "m": false
    },
    {
      "p": 0.001068,
      "q": 140449.438202,
      "s": "PEPEINR",
      "T": 1752360613621.06,
      "m": false
    },
    {
      "p": 0.001069,
      "q": 94480.823199,
      "s": "PEPEINR",
      "T": 1752360564137.43,
      "m": false
    },
    {
      "p": 0.001062,
      "q": 95103,
      "s": "PEPEINR",
      "T": 1752360529844.09,
      "m": true
    },
    {
      "p": 0.001073,
      "q": 186393.289841,
      "s": "PEPEINR",
      "T": 1752360387360.56,
      "m": false
    },
    {
      "p": 0.001064,
      "q": 169172,
      "s": "PEPEINR",
      "T": 1752360355120.89,
      "m": true
    },
    {
      "p": 0.001074,
      "q": 94059.590316,
      "s": "PEPEINR",
      "T": 1752360251598.85,
      "m": false
    },
    {
      "p": 0.001064,
      "q": 4048918,
      "s": "PEPEINR",
      "T": 1752360093313.05,
      "m": true
    },
    {
      "p": 0.001061,
      "q": 156923,
      "s": "PEPEINR",
      "T": 1752360053333.55,
      "m": true
    },
    {
      "p": 0.001073,
      "q": 111835.973904,
      "s": "PEPEINR",
      "T": 1752360021270.69,
      "m": false
    },
    {
      "p": 0.001063,
      "q": 1128604,
      "s": "PEPEINR",
      "T": 1752359957650.16,
      "m": true
    },
    {
      "p": 0.001073,
      "q": 94128.611369,
      "s": "PEPEINR",
      "T": 1752359950754.75,
      "m": false
    },
    {
      "p": 0.001063,
      "q": 192850,
      "s": "PEPEINR",
      "T": 1752359803354.56,
      "m": true
    },
    {
      "p": 0.001063,
      "q": 395108,
      "s": "PEPEINR",
      "T": 1752359733147.25,
      "m": true
    },
    {
      "p": 0.001074,
      "q": 465549.34823,
      "s": "PEPEINR",
      "T": 1752359684942.31,
      "m": false
    },
    {
      "p": 0.001063,
      "q": 5268109,
      "s": "PEPEINR",
      "T": 1752359633893.77,
      "m": true
    },
    {
      "p": 0.001074,
      "q": 330176.908752,
      "s": "PEPEINR",
      "T": 1752359385627.76,
      "m": false
    },
    {
      "p": 0.001069,
      "q": 115060.80449,
      "s": "PEPEINR",
      "T": 1752359177400.33,
      "m": false
    },
    {
      "p": 0.001058,
      "q": 1261617,
      "s": "PEPEINR",
      "T": 1752359013934.49,
      "m": true
    },
    {
      "p": 0.001057,
      "q": 2369668,
      "s": "PEPEINR",
      "T": 1752358884184.16,
      "m": true
    }
  ]
}