{
  "pair": "B-TRX_USDT",
  "timestamp": "20250712_231357",
  "trades": [
    {
      "p": 0.3024,
      "q": 63.2,
      "s": "TRXUSDT",
      "T": 1752362035244,
      "m": false
    },
    {
      "p": 0.3023,
      "q": 1322.6,
      "s": "TRXUSDT",
      "T": 1752362034774,
      "m": true
    },
    {
      "p": 0.3024,
      "q": 164,
      "s": "TRXUSDT",
      "T": 1752362030452,
      "m": false
    },
    {
      "p": 0.3023,
      "q": 68.8,
      "s": "TRXUSDT",
      "T": 1752362027483,
      "m": true
    },
    {
      "p": 0.3024,
      "q": 800,
      "s": "TRXUSDT",
      "T": 1752362025247,
      "m": false
    },
    {
      "p": 0.3023,
      "q": 39.9,
      "s": "TRXUSDT",
      "T": 1752362021840,
      "m": true
    },
    {
      "p": 0.3023,
      "q": 24.8,
      "s": "TRXUSDT",
      "T": 1752362015987,
      "m": true
    },
    {
      "p": 0.3024,
      "q": 31.1,
      "s": "TRXUSDT",
      "T": 1752362015383,
      "m": false
    },
    {
      "p": 0.3024,
      "q": 197,
      "s": "TRXUSDT",
      "T": 1752362010195,
      "m": false
    },
    {
      "p": 0.3023,
      "q": 21.1,
      "s": "TRXUSDT",
      "T": 1752362008673,
      "m": true
    },
    {
      "p": 0.3024,
      "q": 37.4,
      "s": "TRXUSDT",
      "T": 1752362008443,
      "m": false
    },
    {
      "p": 0.3023,
      "q": 115,
      "s": "TRXUSDT",
      "T": 1752362007821,
      "m": true
    },
    {
      "p": 0.3023,
      "q": 173.9,
      "s": "TRXUSDT",
      "T": 1752362004541,
      "m": true
    },
    {
      "p": 0.3024,
      "q": 34.4,
      "s": "TRXUSDT",
      "T": 1752362002265,
      "m": false
    },
    {
      "p": 0.3023,
      "q": 244.1,
      "s": "TRXUSDT",
      "T": 1752361995389,
      "m": true
    },
    {
      "p": 0.3024,
      "q": 109,
      "s": "TRXUSDT",
      "T": 1752361991170,
      "m": false
    },
    {
      "p": 0.3024,
      "q": 29.1,
      "s": "TRXUSDT",
      "T": 1752361990203,
      "m": false
    },
    {
      "p": 0.3024,
      "q": 33.1,
      "s": "TRXUSDT",
      "T": 1752361990035,
      "m": false
    },
    {
      "p": 0.3023,
      "q": 50.1,
      "s": "TRXUSDT",
      "T": 1752361986930,
      "m": true
    },
    {
      "p": 0.3023,
      "q": 20.1,
      "s": "TRXUSDT",
      "T": 1752361986282,
      "m": true
    },
    {
      "p": 0.3024,
      "q": 35.4,
      "s": "TRXUSDT",
      "T": 1752361986182,
      "m": false
    },
    {
      "p": 0.3024,
      "q": 45.3,
      "s": "TRXUSDT",
      "T": 1752361984980,
      "m": false
    },
    {
      "p": 0.3024,
      "q": 90,
      "s": "TRXUSDT",
      "T": 1752361984301,
      "m": false
    },
    {
      "p": 0.3024,
      "q": 47,
      "s": "TRXUSDT",
      "T": 1752361983397,
      "m": false
    },
    {
      "p": 0.3024,
      "q": 23651,
      "s": "TRXUSDT",
      "T": 1752361983394,
      "m": false
    },
    {
      "p": 0.3024,
      "q": 1120.9,
      "s": "TRXUSDT",
      "T": 1752361983170,
      "m": false
    },
    {
      "p": 0.3023,
      "q": 89.1,
      "s": "TRXUSDT",
      "T": 1752361983132,
      "m": true
    },
    {
      "p": 0.3024,
      "q": 438,
      "s": "TRXUSDT",
      "T": 1752361980605,
      "m": false
    },
    {
      "p": 0.3024,
      "q": 1750.4,
      "s": "TRXUSDT",
      "T": 1752361980473,
      "m": false
    },
    {
      "p": 0.3024,
      "q": 185,
      "s": "TRXUSDT",
      "T": 1752361979430,
      "m": false
    },
    {
      "p": 0.3024,
      "q": 94.5,
      "s": "TRXUSDT",
      "T": 1752361978362,
      "m": false
    },
    {
      "p": 0.3024,
      "q": 33,
      "s": "TRXUSDT",
      "T": 1752361978059,
      "m": false
    },
    {
      "p": 0.3024,
      "q": 76,
      "s": "TRXUSDT",
      "T": 1752361977719,
      "m": false
    },
    {
      "p": 0.3024,
      "q": 122,
      "s": "TRXUSDT",
      "T": 1752361976157,
      "m": false
    },
    {
      "p": 0.3023,
      "q": 400.8,
      "s": "TRXUSDT",
      "T": 1752361975660,
      "m": true
    },
    {
      "p": 0.3024,
      "q": 77.3,
      "s": "TRXUSDT",
      "T": 1752361975108,
      "m": false
    },
    {
      "p": 0.3024,
      "q": 165,
      "s": "TRXUSDT",
      "T": 1752361974966,
      "m": false
    },
    {
      "p": 0.3024,
      "q": 1387,
      "s": "TRXUSDT",
      "T": 1752361974428,
      "m": false
    },
    {
      "p": 0.3024,
      "q": 20,
      "s": "TRXUSDT",
      "T": 1752361967511,
      "m": false
    },
    {
      "p": 0.3024,
      "q": 21.6,
      "s": "TRXUSDT",
      "T": 1752361964382,
      "m": false
    },
    {
      "p": 0.3024,
      "q": 69.9,
      "s": "TRXUSDT",
      "T": 1752361963030,
      "m": false
    },
    {
      "p": 0.3023,
      "q": 2627.3,
      "s": "TRXUSDT",
      "T": 1752361962836,
      "m": true
    },
    {
      "p": 0.3024,
      "q": 154,
      "s": "TRXUSDT",
      "T": 1752361958738,
      "m": false
    },
    {
      "p": 0.3023,
      "q": 935.6,
      "s": "TRXUSDT",
      "T": 1752361955061,
      "m": true
    },
    {
      "p": 0.3024,
      "q": 113.7,
      "s": "TRXUSDT",
      "T": 1752361954883,
      "m": false
    },
    {
      "p": 0.3024,
      "q": 164,
      "s": "TRXUSDT",
      "T": 1752361950562,
      "m": false
    },
    {
      "p": 0.3024,
      "q": 66,
      "s": "TRXUSDT",
      "T": 1752361950514,
      "m": false
    },
    {
      "p": 0.3024,
      "q": 356,
      "s": "TRXUSDT",
      "T": 1752361948923,
      "m": false
    },
    {
      "p": 0.3024,
      "q": 21,
      "s": "TRXUSDT",
      "T": 1752361948538,
      "m": false
    },
    {
      "p": 0.3024,
      "q": 11696,
      "s": "TRXUSDT",
      "T": 1752361948476,
      "m": false
    }
  ]
}