{
  "pair": "B-BTC_USDT",
  "timestamp": "20250712_232344",
  "trades": [
    {
      "p": 117321.04,
      "q": 0.00298,
      "s": "BTCUSDT",
      "T": 1752362625872,
      "m": true
    },
    {
      "p": 117321.05,
      "q": 0.00256,
      "s": "BTCUSDT",
      "T": 1752362625372,
      "m": false
    },
    {
      "p": 117321.04,
      "q": 0.00089,
      "s": "BTCUSDT",
      "T": 1752362624513,
      "m": true
    },
    {
      "p": 117321.05,
      "q": 0.0037,
      "s": "BTCUSDT",
      "T": 1752362623686,
      "m": false
    },
    {
      "p": 117321.04,
      "q": 0.0017,
      "s": "BTCUSDT",
      "T": 1752362623663,
      "m": true
    },
    {
      "p": 117321.05,
      "q": 0.00852,
      "s": "BTCUSDT",
      "T": 1752362623170,
      "m": false
    },
    {
      "p": 117321.04,
      "q": 0.00076,
      "s": "BTCUSDT",
      "T": 1752362622927,
      "m": true
    },
    {
      "p": 117321.05,
      "q": 0.00032,
      "s": "BTCUSDT",
      "T": 1752362622908,
      "m": false
    },
    {
      "p": 117321.05,
      "q": 7e-05,
      "s": "BTCUSDT",
      "T": 1752362622697,
      "m": false
    },
    {
      "p": 117321.04,
      "q": 0.00307,
      "s": "BTCUSDT",
      "T": 1752362622587,
      "m": true
    },
    {
      "p": 117321.05,
      "q": 0.00026,
      "s": "BTCUSDT",
      "T": 1752362622488,
      "m": false
    },
    {
      "p": 117321.04,
      "q": 6e-05,
      "s": "BTCUSDT",
      "T": 1752362622123,
      "m": true
    },
    {
      "p": 117321.05,
      "q": 0.00054,
      "s": "BTCUSDT",
      "T": 1752362620686,
      "m": false
    },
    {
      "p": 117321.04,
      "q": 0.00367,
      "s": "BTCUSDT",
      "T": 1752362620312,
      "m": true
    },
    {
      "p": 117321.04,
      "q": 0.00085,
      "s": "BTCUSDT",
      "T": 1752362620085,
      "m": true
    },
    {
      "p": 117321.05,
      "q": 0.00701,
      "s": "BTCUSDT",
      "T": 1752362619609,
      "m": false
    },
    {
      "p": 117321.04,
      "q": 7e-05,
      "s": "BTCUSDT",
      "T": 1752362619231,
      "m": true
    },
    {
      "p": 117321.04,
      "q": 0.00064,
      "s": "BTCUSDT",
      "T": 1752362618872,
      "m": true
    },
    {
      "p": 117321.05,
      "q": 0.00224,
      "s": "BTCUSDT",
      "T": 1752362616983,
      "m": false
    },
    {
      "p": 117321.05,
      "q": 0.00207,
      "s": "BTCUSDT",
      "T": 1752362616647,
      "m": false
    },
    {
      "p": 117321.04,
      "q": 0.01618,
      "s": "BTCUSDT",
      "T": 1752362616215,
      "m": true
    },
    {
      "p": 117321.04,
      "q": 0.00052,
      "s": "BTCUSDT",
      "T": 1752362615923,
      "m": true
    },
    {
      "p": 117321.05,
      "q": 9e-05,
      "s": "BTCUSDT",
      "T": 1752362615847,
      "m": false
    },
    {
      "p": 117321.04,
      "q": 0.00043,
      "s": "BTCUSDT",
      "T": 1752362614953,
      "m": true
    },
    {
      "p": 117321.05,
      "q": 5e-05,
      "s": "BTCUSDT",
      "T": 1752362614075,
      "m": false
    },
    {
      "p": 117321.04,
      "q": 0.00259,
      "s": "BTCUSDT",
      "T": 1752362613385,
      "m": true
    },
    {
      "p": 117321.05,
      "q": 9e-05,
      "s": "BTCUSDT",
      "T": 1752362611055,
      "m": false
    },
    {
      "p": 117321.04,
      "q": 0.00825,
      "s": "BTCUSDT",
      "T": 1752362610804,
      "m": true
    },
    {
      "p": 117321.05,
      "q": 0.00993,
      "s": "BTCUSDT",
      "T": 1752362610576,
      "m": false
    },
    {
      "p": 117321.04,
      "q": 0.00178,
      "s": "BTCUSDT",
      "T": 1752362609600,
      "m": true
    },
    {
      "p": 117321.05,
      "q": 0.00026,
      "s": "BTCUSDT",
      "T": 1752362609352,
      "m": false
    },
    {
      "p": 117321.04,
      "q": 0.00121,
      "s": "BTCUSDT",
      "T": 1752362609306,
      "m": true
    },
    {
      "p": 117321.05,
      "q": 0.0001,
      "s": "BTCUSDT",
      "T": 1752362608675,
      "m": false
    },
    {
      "p": 117321.04,
      "q": 0.0004,
      "s": "BTCUSDT",
      "T": 1752362608494,
      "m": true
    },
    {
      "p": 117321.05,
      "q": 0.00278,
      "s": "BTCUSDT",
      "T": 1752362607689,
      "m": false
    },
    {
      "p": 117321.04,
      "q": 0.00139,
      "s": "BTCUSDT",
      "T": 1752362607349,
      "m": true
    },
    {
      "p": 117321.04,
      "q": 0.0006,
      "s": "BTCUSDT",
      "T": 1752362607061,
      "m": true
    },
    {
      "p": 117321.05,
      "q": 0.00106,
      "s": "BTCUSDT",
      "T": 1752362606583,
      "m": false
    },
    {
      "p": 117321.04,
      "q": 0.00553,
      "s": "BTCUSDT",
      "T": 1752362605124,
      "m": true
    },
    {
      "p": 117321.04,
      "q": 0.01943,
      "s": "BTCUSDT",
      "T": 1752362605039,
      "m": true
    },
    {
      "p": 117321.05,
      "q": 0.00094,
      "s": "BTCUSDT",
      "T": 1752362604688,
      "m": false
    },
    {
      "p": 117321.04,
      "q": 0.06968,
      "s": "BTCUSDT",
      "T": 1752362604123,
      "m": true
    },
    {
      "p": 117321.05,
      "q": 0.00389,
      "s": "BTCUSDT",
      "T": 1752362603686,
      "m": false
    },
    {
      "p": 117321.05,
      "q": 0.00698,
      "s": "BTCUSDT",
      "T": 1752362603389,
      "m": false
    },
    {
      "p": 117321.05,
      "q": 0.0014,
      "s": "BTCUSDT",
      "T": 1752362603022,
      "m": false
    },
    {
      "p": 117321.05,
      "q": 0.00017,
      "s": "BTCUSDT",
      "T": 1752362602823,
      "m": false
    },
    {
      "p": 117321.05,
      "q": 0.00077,
      "s": "BTCUSDT",
      "T": 1752362602685,
      "m": false
    },
    {
      "p": 117321.04,
      "q": 0.0115,
      "s": "BTCUSDT",
      "T": 1752362602459,
      "m": true
    },
    {
      "p": 117321.05,
      "q": 0.00014,
      "s": "BTCUSDT",
      "T": 1752362602454,
      "m": false
    },
    {
      "p": 117321.04,
      "q": 0.09001,
      "s": "BTCUSDT",
      "T": 1752362602161,
      "m": true
    }
  ]
}