{
  "pair": "B-USDC_USDT",
  "timestamp": "20250712_232344",
  "trades": [
    {
      "p": 0.9997,
      "q": 9,
      "s": "USDCUSDT",
      "T": 1752362626297,
      "m": false
    },
    {
      "p": 0.9996,
      "q": 470,
      "s": "USDCUSDT",
      "T": 1752362624667,
      "m": true
    },
    {
      "p": 0.9997,
      "q": 7,
      "s": "USDCUSDT",
      "T": 1752362623177,
      "m": false
    },
    {
      "p": 0.9996,
      "q": 58,
      "s": "USDCUSDT",
      "T": 1752362622464,
      "m": true
    },
    {
      "p": 0.9997,
      "q": 871,
      "s": "USDCUSDT",
      "T": 1752362622462,
      "m": false
    },
    {
      "p": 0.9996,
      "q": 2100,
      "s": "USDCUSDT",
      "T": 1752362621288,
      "m": true
    },
    {
      "p": 0.9996,
      "q": 7,
      "s": "USDCUSDT",
      "T": 1752362620646,
      "m": true
    },
    {
      "p": 0.9996,
      "q": 7,
      "s": "USDCUSDT",
      "T": 1752362620643,
      "m": true
    },
    {
      "p": 0.9996,
      "q": 48,
      "s": "USDCUSDT",
      "T": 1752362620605,
      "m": true
    },
    {
      "p": 0.9997,
      "q": 8,
      "s": "USDCUSDT",
      "T": 1752362619821,
      "m": false
    },
    {
      "p": 0.9996,
      "q": 12,
      "s": "USDCUSDT",
      "T": 1752362617750,
      "m": true
    },
    {
      "p": 0.9997,
      "q": 7,
      "s": "USDCUSDT",
      "T": 1752362616239,
      "m": false
    },
    {
      "p": 0.9996,
      "q": 151,
      "s": "USDCUSDT",
      "T": 1752362615438,
      "m": true
    },
    {
      "p": 0.9997,
      "q": 100,
      "s": "USDCUSDT",
      "T": 1752362613484,
      "m": false
    },
    {
      "p": 0.9997,
      "q": 11,
      "s": "USDCUSDT",
      "T": 1752362613390,
      "m": false
    },
    {
      "p": 0.9997,
      "q": 27,
      "s": "USDCUSDT",
      "T": 1752362611689,
      "m": false
    },
    {
      "p": 0.9997,
      "q": 26,
      "s": "USDCUSDT",
      "T": 1752362610443,
      "m": false
    },
    {
      "p": 0.9997,
      "q": 745,
      "s": "USDCUSDT",
      "T": 1752362608569,
      "m": false
    },
    {
      "p": 0.9997,
      "q": 10,
      "s": "USDCUSDT",
      "T": 1752362606991,
      "m": false
    },
    {
      "p": 0.9997,
      "q": 113,
      "s": "USDCUSDT",
      "T": 1752362606688,
      "m": false
    },
    {
      "p": 0.9997,
      "q": 108,
      "s": "USDCUSDT",
      "T": 1752362603210,
      "m": false
    },
    {
      "p": 0.9997,
      "q": 10,
      "s": "USDCUSDT",
      "T": 1752362600438,
      "m": false
    },
    {
      "p": 0.9996,
      "q": 124,
      "s": "USDCUSDT",
      "T": 1752362600335,
      "m": true
    },
    {
      "p": 0.9996,
      "q": 565,
      "s": "USDCUSDT",
      "T": 1752362598136,
      "m": true
    },
    {
      "p": 0.9997,
      "q": 7,
      "s": "USDCUSDT",
      "T": 1752362597846,
      "m": false
    },
    {
      "p": 0.9997,
      "q": 47,
      "s": "USDCUSDT",
      "T": 1752362594646,
      "m": false
    },
    {
      "p": 0.9997,
      "q": 8,
      "s": "USDCUSDT",
      "T": 1752362593901,
      "m": false
    },
    {
      "p": 0.9996,
      "q": 7,
      "s": "USDCUSDT",
      "T": 1752362593165,
      "m": true
    },
    {
      "p": 0.9996,
      "q": 595,
      "s": "USDCUSDT",
      "T": 1752362592785,
      "m": true
    },
    {
      "p": 0.9997,
      "q": 22,
      "s": "USDCUSDT",
      "T": 1752362591689,
      "m": false
    },
    {
      "p": 0.9997,
      "q": 55,
      "s": "USDCUSDT",
      "T": 1752362591649,
      "m": false
    },
    {
      "p": 0.9996,
      "q": 78,
      "s": "USDCUSDT",
      "T": 1752362590174,
      "m": true
    },
    {
      "p": 0.9996,
      "q": 11,
      "s": "USDCUSDT",
      "T": 1752362589991,
      "m": true
    },
    {
      "p": 0.9997,
      "q": 156,
      "s": "USDCUSDT",
      "T": 1752362588722,
      "m": false
    },
    {
      "p": 0.9997,
      "q": 66,
      "s": "USDCUSDT",
      "T": 1752362588629,
      "m": false
    },
    {
      "p": 0.9997,
      "q": 12,
      "s": "USDCUSDT",
      "T": 1752362587370,
      "m": false
    },
    {
      "p": 0.9997,
      "q": 76,
      "s": "USDCUSDT",
      "T": 1752362587136,
      "m": false
    },
    {
      "p": 0.9997,
      "q": 262,
      "s": "USDCUSDT",
      "T": 1752362586665,
      "m": false
    },
    {
      "p": 0.9997,
      "q": 2967,
      "s": "USDCUSDT",
      "T": 1752362586542,
      "m": false
    },
    {
      "p": 0.9996,
      "q": 308,
      "s": "USDCUSDT",
      "T": 1752362585110,
      "m": true
    },
    {
      "p": 0.9996,
      "q": 67,
      "s": "USDCUSDT",
      "T": 1752362584662,
      "m": true
    },
    {
      "p": 0.9996,
      "q": 39,
      "s": "USDCUSDT",
      "T": 1752362584457,
      "m": true
    },
    {
      "p": 0.9997,
      "q": 7,
      "s": "USDCUSDT",
      "T": 1752362584182,
      "m": false
    },
    {
      "p": 0.9997,
      "q": 15,
      "s": "USDCUSDT",
      "T": 1752362584180,
      "m": false
    },
    {
      "p": 0.9997,
      "q": 8,
      "s": "USDCUSDT",
      "T": 1752362584179,
      "m": false
    },
    {
      "p": 0.9997,
      "q": 100,
      "s": "USDCUSDT",
      "T": 1752362583241,
      "m": false
    },
    {
      "p": 0.9996,
      "q": 44,
      "s": "USDCUSDT",
      "T": 1752362583204,
      "m": true
    },
    {
      "p": 0.9997,
      "q": 870,
      "s": "USDCUSDT",
      "T": 1752362582960,
      "m": false
    },
    {
      "p": 0.9997,
      "q": 294,
      "s": "USDCUSDT",
      "T": 1752362582287,
      "m": false
    },
    {
      "p": 0.9997,
      "q": 160,
      "s": "USDCUSDT",
      "T": 1752362582166,
      "m": false
    }
  ]
}