{
  "pair": "I-USDT_INR",
  "timestamp": "20250712_231357",
  "trades": [
    {
      "p": 87.54,
      "q": 19.88,
      "s": "USDTINR",
      "T": 1752362035001.88,
      "m": true
    },
    {
      "p": 87.48,
      "q": 14.38,
      "s": "USDTINR",
      "T": 1752362031100.4,
      "m": true
    },
    {
      "p": 87.79,
      "q": 1.64,
      "s": "USDTINR",
      "T": 1752362027000,
      "m": false
    },
    {
      "p": 87.54,
      "q": 59.19,
      "s": "USDTINR",
      "T": 1752362023000,
      "m": false
    },
    {
      "p": 87.79,
      "q": 77,
      "s": "USDTINR",
      "T": 1752362010935.13,
      "m": false
    },
    {
      "p": 87.42,
      "q": 1.52,
      "s": "USDTINR",
      "T": 1752362002142.18,
      "m": false
    },
    {
      "p": 87.42,
      "q": 5.01,
      "s": "USDTINR",
      "T": 1752361999000,
      "m": false
    },
    {
      "p": 87.42,
      "q": 16.57,
      "s": "USDTINR",
      "T": 1752361992968.24,
      "m": false
    },
    {
      "p": 87.42,
      "q": 0.01,
      "s": "USDTINR",
      "T": 1752361988000,
      "m": false
    },
    {
      "p": 87.42,
      "q": 1.24,
      "s": "USDTINR",
      "T": 1752361986891.4,
      "m": false
    },
    {
      "p": 87.42,
      "q": 1.51,
      "s": "USDTINR",
      "T": 1752361985743.21,
      "m": false
    },
    {
      "p": 87.42,
      "q": 51.95,
      "s": "USDTINR",
      "T": 1752361983646.28,
      "m": false
    },
    {
      "p": 87.79,
      "q": 76.42,
      "s": "USDTINR",
      "T": 1752361979885.23,
      "m": false
    },
    {
      "p": 87.42,
      "q": 3.46,
      "s": "USDTINR",
      "T": 1752361966043.94,
      "m": false
    },
    {
      "p": 87.42,
      "q": 11.42,
      "s": "USDTINR",
      "T": 1752361962079.6,
      "m": false
    },
    {
      "p": 87.68,
      "q": 17.04,
      "s": "USDTINR",
      "T": 1752361951032.76,
      "m": true
    },
    {
      "p": 87.68,
      "q": 66.55,
      "s": "USDTINR",
      "T": 1752361948053.35,
      "m": false
    },
    {
      "p": 87.61,
      "q": 31.55,
      "s": "USDTINR",
      "T": 1752361944235.41,
      "m": false
    },
    {
      "p": 87.74,
      "q": 22.11,
      "s": "USDTINR",
      "T": 1752361936000,
      "m": false
    },
    {
      "p": 87.47,
      "q": 50.69,
      "s": "USDTINR",
      "T": 1752361935058.17,
      "m": true
    },
    {
      "p": 87.47,
      "q": 17.02,
      "s": "USDTINR",
      "T": 1752361935057.15,
      "m": true
    },
    {
      "p": 87.69,
      "q": 18.98,
      "s": "USDTINR",
      "T": 1752361935045.8,
      "m": true
    },
    {
      "p": 87.53,
      "q": 31.69,
      "s": "USDTINR",
      "T": 1752361921744.1,
      "m": true
    },
    {
      "p": 87.68,
      "q": 56.59,
      "s": "USDTINR",
      "T": 1752361917651.78,
      "m": false
    },
    {
      "p": 87.55,
      "q": 5.15,
      "s": "USDTINR",
      "T": 1752361913740.2,
      "m": true
    },
    {
      "p": 87.55,
      "q": 41.93,
      "s": "USDTINR",
      "T": 1752361913739.96,
      "m": true
    },
    {
      "p": 87.56,
      "q": 2.54,
      "s": "USDTINR",
      "T": 1752361909647.06,
      "m": true
    },
    {
      "p": 87.7,
      "q": 29.71,
      "s": "USDTINR",
      "T": 1752361907000,
      "m": false
    },
    {
      "p": 87.7,
      "q": 16.38,
      "s": "USDTINR",
      "T": 1752361905690.25,
      "m": false
    },
    {
      "p": 87.52,
      "q": 4.87,
      "s": "USDTINR",
      "T": 1752361901662.61,
      "m": true
    },
    {
      "p": 87.7,
      "q": 1.01,
      "s": "USDTINR",
      "T": 1752361899000,
      "m": true
    },
    {
      "p": 87.7,
      "q": 8.07,
      "s": "USDTINR",
      "T": 1752361892727.57,
      "m": false
    },
    {
      "p": 87.6,
      "q": 21.55,
      "s": "USDTINR",
      "T": 1752361888759.12,
      "m": true
    },
    {
      "p": 87.78,
      "q": 66.05,
      "s": "USDTINR",
      "T": 1752361883757.35,
      "m": false
    },
    {
      "p": 87.78,
      "q": 50.63,
      "s": "USDTINR",
      "T": 1752361883748.88,
      "m": false
    },
    {
      "p": 87.54,
      "q": 41.63,
      "s": "USDTINR",
      "T": 1752361879778.74,
      "m": false
    },
    {
      "p": 87.75,
      "q": 40.66,
      "s": "USDTINR",
      "T": 1752361875756.03,
      "m": false
    },
    {
      "p": 87.54,
      "q": 109.33,
      "s": "USDTINR",
      "T": 1752361871705.21,
      "m": false
    },
    {
      "p": 87.67,
      "q": 61.81,
      "s": "USDTINR",
      "T": 1752361859763.02,
      "m": false
    },
    {
      "p": 87.42,
      "q": 14.28,
      "s": "USDTINR",
      "T": 1752361855800.56,
      "m": true
    },
    {
      "p": 87.67,
      "q": 9.93,
      "s": "USDTINR",
      "T": 1752361851559.66,
      "m": false
    },
    {
      "p": 87.67,
      "q": 29.41,
      "s": "USDTINR",
      "T": 1752361851000,
      "m": false
    },
    {
      "p": 87.54,
      "q": 1.19,
      "s": "USDTINR",
      "T": 1752361847516.41,
      "m": true
    },
    {
      "p": 87.54,
      "q": 38.09,
      "s": "USDTINR",
      "T": 1752361838567.86,
      "m": true
    },
    {
      "p": 87.79,
      "q": 2.64,
      "s": "USDTINR",
      "T": 1752361834485.72,
      "m": false
    },
    {
      "p": 87.79,
      "q": 8.79,
      "s": "USDTINR",
      "T": 1752361830663.46,
      "m": false
    },
    {
      "p": 87.79,
      "q": 29.2,
      "s": "USDTINR",
      "T": 1752361826813.43,
      "m": false
    },
    {
      "p": 87.6,
      "q": 36.13,
      "s": "USDTINR",
      "T": 1752361822879.95,
      "m": false
    },
    {
      "p": 87.66,
      "q": 15.22,
      "s": "USDTINR",
      "T": 1752361822874.69,
      "m": true
    },
    {
      "p": 87.59,
      "q": 20.53,
      "s": "USDTINR",
      "T": 1752361809846.07,
      "m": true
    }
  ]
}