{
  "pair": "I-SHIB_INR",
  "timestamp": "20250712_233447",
  "trades": [
    {
      "p": 0.001153,
      "q": 88464.874241,
      "s": "SHIBINR",
      "T": 1752363238708.39,
      "m": false
    },
    {
      "p": 0.001147,
      "q": 96190,
      "s": "SHIBINR",
      "T": 1752362979097.96,
      "m": true
    },
    {
      "p": 0.00115,
      "q": 4406773,
      "s": "SHIBINR",
      "T": 1752362703830.76,
      "m": true
    },
    {
      "p": 0.001153,
      "q": 175195.143104,
      "s": "SHIBINR",
      "T": 1752362554158.71,
      "m": false
    },
    {
      "p": 0.001148,
      "q": 2923901,
      "s": "SHIBINR",
      "T": 1752362207865.73,
      "m": true
    },
    {
      "p": 0.001153,
      "q": 87241.97745,
      "s": "SHIBINR",
      "T": 1752362188710.77,
      "m": false
    },
    {
      "p": 0.001153,
      "q": 130095.403295,
      "s": "SHIBINR",
      "T": 1752361975447.37,
      "m": false
    },
    {
      "p": 0.001153,
      "q": 433651.344319,
      "s": "SHIBINR",
      "T": 1752361897555.49,
      "m": false
    },
    {
      "p": 0.001153,
      "q": 768790,
      "s": "SHIBINR",
      "T": 1752361793482.99,
      "m": false
    },
    {
      "p": 0.001153,
      "q": 91066.782307,
      "s": "SHIBINR",
      "T": 1752361711382.37,
      "m": false
    },
    {
      "p": 0.001153,
      "q": 2219427.580225,
      "s": "SHIBINR",
      "T": 1752361387933.65,
      "m": false
    },
    {
      "p": 0.001153,
      "q": 158716.39202,
      "s": "SHIBINR",
      "T": 1752361336201.85,
      "m": false
    },
    {
      "p": 0.001153,
      "q": 89332.176929,
      "s": "SHIBINR",
      "T": 1752361289568.76,
      "m": false
    },
    {
      "p": 0.001153,
      "q": 122627.927146,
      "s": "SHIBINR",
      "T": 1752361284858.07,
      "m": false
    },
    {
      "p": 0.001148,
      "q": 90740,
      "s": "SHIBINR",
      "T": 1752361276663.13,
      "m": true
    },
    {
      "p": 0.001153,
      "q": 88464.874241,
      "s": "SHIBINR",
      "T": 1752361247017.67,
      "m": false
    },
    {
      "p": 0.001153,
      "q": 88291.413703,
      "s": "SHIBINR",
      "T": 1752361205107.24,
      "m": false
    },
    {
      "p": 0.001148,
      "q": 130962,
      "s": "SHIBINR",
      "T": 1752361138930.67,
      "m": true
    },
    {
      "p": 0.001148,
      "q": 1563936,
      "s": "SHIBINR",
      "T": 1752361065305.91,
      "m": true
    },
    {
      "p": 0.001153,
      "q": 103209.019947,
      "s": "SHIBINR",
      "T": 1752361034792.4,
      "m": false
    },
    {
      "p": 0.001153,
      "q": 1500000,
      "s": "SHIBINR",
      "T": 1752361034457.67,
      "m": false
    },
    {
      "p": 0.001148,
      "q": 168947,
      "s": "SHIBINR",
      "T": 1752361032544.04,
      "m": true
    },
    {
      "p": 0.001147,
      "q": 657407,
      "s": "SHIBINR",
      "T": 1752360946545.73,
      "m": true
    },
    {
      "p": 0.001153,
      "q": 130962.705984,
      "s": "SHIBINR",
      "T": 1752360867951.66,
      "m": false
    },
    {
      "p": 0.001145,
      "q": 820002,
      "s": "SHIBINR",
      "T": 1752360814761.02,
      "m": true
    },
    {
      "p": 0.001146,
      "q": 1396160,
      "s": "SHIBINR",
      "T": 1752360798835.65,
      "m": true
    },
    {
      "p": 0.001153,
      "q": 503330.442324,
      "s": "SHIBINR",
      "T": 1752360726498.17,
      "m": false
    },
    {
      "p": 0.001153,
      "q": 1393764.093668,
      "s": "SHIBINR",
      "T": 1752360680028.67,
      "m": false
    },
    {
      "p": 0.001153,
      "q": 388551.604509,
      "s": "SHIBINR",
      "T": 1752360339046.98,
      "m": false
    },
    {
      "p": 0.001147,
      "q": 400000,
      "s": "SHIBINR",
      "T": 1752360164694.18,
      "m": true
    },
    {
      "p": 0.001148,
      "q": 1299826,
      "s": "SHIBINR",
      "T": 1752359966383.4,
      "m": true
    },
    {
      "p": 0.001148,
      "q": 92334,
      "s": "SHIBINR",
      "T": 1752359919222.09,
      "m": true
    },
    {
      "p": 0.001153,
      "q": 86903.729401,
      "s": "SHIBINR",
      "T": 1752359837952.51,
      "m": false
    },
    {
      "p": 0.001153,
      "q": 428447.528187,
      "s": "SHIBINR",
      "T": 1752359762757.67,
      "m": false
    },
    {
      "p": 0.001145,
      "q": 262008,
      "s": "SHIBINR",
      "T": 1752359752456.28,
      "m": true
    },
    {
      "p": 0.001153,
      "q": 171725.93235,
      "s": "SHIBINR",
      "T": 1752359715221.09,
      "m": false
    },
    {
      "p": 0.001153,
      "q": 111014.744145,
      "s": "SHIBINR",
      "T": 1752359652440.93,
      "m": false
    },
    {
      "p": 0.001145,
      "q": 89082,
      "s": "SHIBINR",
      "T": 1752359348004.96,
      "m": true
    },
    {
      "p": 0.001153,
      "q": 112749.349522,
      "s": "SHIBINR",
      "T": 1752359338542.85,
      "m": false
    },
    {
      "p": 0.001153,
      "q": 86773.633998,
      "s": "SHIBINR",
      "T": 1752359262656.46,
      "m": false
    },
    {
      "p": 0.001151,
      "q": 88618.592528,
      "s": "SHIBINR",
      "T": 1752359223377.22,
      "m": false
    },
    {
      "p": 0.001151,
      "q": 172754.126846,
      "s": "SHIBINR",
      "T": 1752359114504.58,
      "m": false
    },
    {
      "p": 0.001151,
      "q": 521285.838401,
      "s": "SHIBINR",
      "T": 1752359095378.07,
      "m": false
    },
    {
      "p": 0.001152,
      "q": 87673.611111,
      "s": "SHIBINR",
      "T": 1752358996643.89,
      "m": false
    },
    {
      "p": 0.001152,
      "q": 173611,
      "s": "SHIBINR",
      "T": 1752358924660.81,
      "m": false
    },
    {
      "p": 0.001152,
      "q": 355091.383812,
      "s": "SHIBINR",
      "T": 1752358864217.65,
      "m": false
    },
    {
      "p": 0.001141,
      "q": 173913,
      "s": "SHIBINR",
      "T": 1752358857234.41,
      "m": true
    },
    {
      "p": 0.001141,
      "q": 91665,
      "s": "SHIBINR",
      "T": 1752358836664.49,
      "m": true
    },
    {
      "p": 0.001151,
      "q": 19882558.050384,
      "s": "SHIBINR",
      "T": 1752358667000,
      "m": true
    },
    {
      "p": 0.001154,
      "q": 433275.563258,
      "s": "SHIBINR",
      "T": 1752358635005.6,
      "m": false
    }
  ]
}