{
  "pair": "B-SUI_USDT",
  "timestamp": "20250712_231357",
  "trades": [
    {
      "p": 3.3778,
      "q": 43,
      "s": "SUIUSDT",
      "T": 1752362036962,
      "m": true
    },
    {
      "p": 3.3778,
      "q": 1.5,
      "s": "SUIUSDT",
      "T": 1752362027842,
      "m": false
    },
    {
      "p": 3.3777,
      "q": 81.2,
      "s": "SUIUSDT",
      "T": 1752362027841,
      "m": false
    },
    {
      "p": 3.3775,
      "q": 3.5,
      "s": "SUIUSDT",
      "T": 1752362021237,
      "m": false
    },
    {
      "p": 3.3774,
      "q": 13.3,
      "s": "SUIUSDT",
      "T": 1752362016612,
      "m": true
    },
    {
      "p": 3.3774,
      "q": 5,
      "s": "SUIUSDT",
      "T": 1752362014183,
      "m": true
    },
    {
      "p": 3.3774,
      "q": 154.9,
      "s": "SUIUSDT",
      "T": 1752362014175,
      "m": true
    },
    {
      "p": 3.3779,
      "q": 412.6,
      "s": "SUIUSDT",
      "T": 1752362014169,
      "m": true
    },
    {
      "p": 3.378,
      "q": 33.2,
      "s": "SUIUSDT",
      "T": 1752362014168,
      "m": true
    },
    {
      "p": 3.378,
      "q": 7.4,
      "s": "SUIUSDT",
      "T": 1752362013057,
      "m": true
    },
    {
      "p": 3.378,
      "q": 6.1,
      "s": "SUIUSDT",
      "T": 1752362011792,
      "m": false
    },
    {
      "p": 3.378,
      "q": 3,
      "s": "SUIUSDT",
      "T": 1752362011790,
      "m": false
    },
    {
      "p": 3.3778,
      "q": 13.1,
      "s": "SUIUSDT",
      "T": 1752362011787,
      "m": false
    },
    {
      "p": 3.3777,
      "q": 1.8,
      "s": "SUIUSDT",
      "T": 1752362007997,
      "m": true
    },
    {
      "p": 3.3777,
      "q": 5,
      "s": "SUIUSDT",
      "T": 1752362001511,
      "m": true
    },
    {
      "p": 3.3777,
      "q": 3,
      "s": "SUIUSDT",
      "T": 1752362001271,
      "m": false
    },
    {
      "p": 3.3776,
      "q": 6.7,
      "s": "SUIUSDT",
      "T": 1752362001059,
      "m": false
    },
    {
      "p": 3.3775,
      "q": 1.5,
      "s": "SUIUSDT",
      "T": 1752362000643,
      "m": false
    },
    {
      "p": 3.3774,
      "q": 7.6,
      "s": "SUIUSDT",
      "T": 1752362000638,
      "m": false
    },
    {
      "p": 3.3773,
      "q": 84.2,
      "s": "SUIUSDT",
      "T": 1752362000592,
      "m": false
    },
    {
      "p": 3.3773,
      "q": 4.7,
      "s": "SUIUSDT",
      "T": 1752362000591,
      "m": false
    },
    {
      "p": 3.3772,
      "q": 4.7,
      "s": "SUIUSDT",
      "T": 1752362000590,
      "m": false
    },
    {
      "p": 3.3771,
      "q": 3,
      "s": "SUIUSDT",
      "T": 1752362000586,
      "m": false
    },
    {
      "p": 3.377,
      "q": 1.5,
      "s": "SUIUSDT",
      "T": 1752362000522,
      "m": false
    },
    {
      "p": 3.377,
      "q": 74.9,
      "s": "SUIUSDT",
      "T": 1752361999966,
      "m": false
    },
    {
      "p": 3.3769,
      "q": 4.6,
      "s": "SUIUSDT",
      "T": 1752361998337,
      "m": false
    },
    {
      "p": 3.3768,
      "q": 11.8,
      "s": "SUIUSDT",
      "T": 1752361998266,
      "m": false
    },
    {
      "p": 3.3768,
      "q": 74,
      "s": "SUIUSDT",
      "T": 1752361998264,
      "m": false
    },
    {
      "p": 3.3767,
      "q": 5.3,
      "s": "SUIUSDT",
      "T": 1752361997748,
      "m": false
    },
    {
      "p": 3.3765,
      "q": 10.1,
      "s": "SUIUSDT",
      "T": 1752361997656,
      "m": false
    },
    {
      "p": 3.3761,
      "q": 231.2,
      "s": "SUIUSDT",
      "T": 1752361997595,
      "m": false
    },
    {
      "p": 3.376,
      "q": 77.3,
      "s": "SUIUSDT",
      "T": 1752361997140,
      "m": false
    },
    {
      "p": 3.3759,
      "q": 93.6,
      "s": "SUIUSDT",
      "T": 1752361996175,
      "m": false
    },
    {
      "p": 3.376,
      "q": 29.2,
      "s": "SUIUSDT",
      "T": 1752361981684,
      "m": false
    },
    {
      "p": 3.376,
      "q": 1.7,
      "s": "SUIUSDT",
      "T": 1752361973913,
      "m": true
    },
    {
      "p": 3.3762,
      "q": 85.1,
      "s": "SUIUSDT",
      "T": 1752361973911,
      "m": true
    },
    {
      "p": 3.3763,
      "q": 5.9,
      "s": "SUIUSDT",
      "T": 1752361971137,
      "m": true
    },
    {
      "p": 3.3763,
      "q": 135.7,
      "s": "SUIUSDT",
      "T": 1752361970999,
      "m": true
    },
    {
      "p": 3.3769,
      "q": 2.3,
      "s": "SUIUSDT",
      "T": 1752361970493,
      "m": true
    },
    {
      "p": 3.377,
      "q": 71,
      "s": "SUIUSDT",
      "T": 1752361970444,
      "m": true
    },
    {
      "p": 3.3774,
      "q": 47,
      "s": "SUIUSDT",
      "T": 1752361969791,
      "m": false
    },
    {
      "p": 3.3774,
      "q": 14.8,
      "s": "SUIUSDT",
      "T": 1752361969048,
      "m": false
    },
    {
      "p": 3.3774,
      "q": 32.7,
      "s": "SUIUSDT",
      "T": 1752361961174,
      "m": false
    },
    {
      "p": 3.3771,
      "q": 29.6,
      "s": "SUIUSDT",
      "T": 1752361960405,
      "m": false
    },
    {
      "p": 3.377,
      "q": 57.7,
      "s": "SUIUSDT",
      "T": 1752361957878,
      "m": false
    },
    {
      "p": 3.3769,
      "q": 141.8,
      "s": "SUIUSDT",
      "T": 1752361957876,
      "m": false
    },
    {
      "p": 3.3768,
      "q": 18.4,
      "s": "SUIUSDT",
      "T": 1752361956812,
      "m": true
    },
    {
      "p": 3.3769,
      "q": 2.7,
      "s": "SUIUSDT",
      "T": 1752361953483,
      "m": false
    },
    {
      "p": 3.3769,
      "q": 3.1,
      "s": "SUIUSDT",
      "T": 1752361949816,
      "m": false
    },
    {
      "p": 3.3768,
      "q": 59.2,
      "s": "SUIUSDT",
      "T": 1752361949281,
      "m": true
    }
  ]
}